@CONFERENCE{Rigby2013RELENG,
	AUTHOR = {P.C.Rigby, E.T.Barr, C. Bird},
	TITLE = {What effect does distributed version control have on oss project organization?},
	BOOKTITLE = {Proceedings of the In International Workshop on Release Engineering 2013},
	YEAR = {2013}
}
@MISC{chromeVersionNumber,
	AUTHOR = {Google Sites},
	TITLE = {The Chromium Projects - Version Numbers},
	howpublished = {http://www.chromium.org/developers/version-numbers}
}
@INPROCEEDINGS{Mantyla2013ICSM,
	AUTHOR = {Mika V. Mantyla, Foutse Khomh, Bram Adams},
	TITLE = {On Rapid Releases and Software Testing},
	BOOKTITLE = {Proceedings of the 29th International Conference on Software Maintenance (ICSM)},
	PAGES = {20-29},
	MONTH = {September},
	YEAR = {2013},
	ADDRESS = {Eindhoven, Netherlands},
	PUBLISHER = {IEEE},
	doi = {http://dx.doi.org/10.1109/ICSM.2013.13},
	issn = {1063-6773},
	location = {Eindhoven, Netherlands}
}
@CONFERENCE{Mockus2000ICSE,
	AUTHOR = {A. Mockus, R.T. Fielding, J. Herbsleb},
	TITLE = {A case study of open source software development: the Apache server},
	BOOKTITLE = {Proceedings of the 2000 International Conference on Software Engineering, 2000.},
	PAGES = {263-272},
	MONTH = "June",
	YEAR = {2000},
	doi = {http://dx.doi.org/10.1109/ICSE.2000.870417},
	isbn = {1-58113-206-9},
	issn = {0270-5257},
	location = {Limerick, Ireland}
}

@article{Rigby2014TOSEM,
        Author = {Rigby, Peter C. and German, Daniel M and Cowen, Laura and Storey, Margaret-Anne},
        Journal = {To appear in the ACM Transactions on Software Engineering and Methodology},
        Month = {August},
        Pages = {34},
        Title = {{Peer Review on Open Source Software Projects: Parameters, Statistical Models, and Theory}},
        Year = {2014}}

@article{Eick2001TSE,
  title={Does code decay? assessing the evidence from change management data},
  author={Eick, Stephen G and Graves, Todd L and Karr, Alan F and Marron, James S and Mockus, Audris},
  journal={IEEE Transactions on Software Engineering},
  volume={27},
  number={1},
  pages={1--12},
  year={2001},
  publisher={IEEE}
}

@article{Rigby2012IEEES,
	Acmid = {2412837},
	Address = {Los Alamitos, CA, USA},
	Author = {Rigby, Peter and Cleary, Brendan and Painchaud, Frederic and Storey, Margaret-Anne and German, Daniel},
	Doi = {10.1109/MS.2012.24},
	Issn = {0740-7459},
	Issue_Date = {November 2012},
	Journal = {IEEE Software},
	Keywords = {software quality, software peer review, inspection, agile development, open source software development},
	Month = nov,
	Number = {6},
	Numpages = {6},
	Pages = {56--61},
	Publisher = {IEEE Computer Society Press},
	Title = {Contemporary Peer Review in Action: Lessons from Open Source Development},
	Url = {http://dx.doi.org/10.1109/MS.2012.24},
	Volume = {29},
	Year = {2012},
	Bdsk-Url-1 = {http://dx.doi.org/10.1109/MS.2012.24}
}

@inproceedings{Rigby2013FSE,
	Acceptance = {Acceptance rate: 51/251 or 20\%},
	Acmid = {2491444},
	Address = {New York, NY, USA},
	Author = {Rigby, Peter C. and Bird, Christian},
	Booktitle = {Proceedings of the 2013 9th Joint Meeting on Foundations of Software Engineering},
	Doi = {http://dx.doi.org/10.1145/2491411.2491444},
	Isbn = {978-1-4503-2237-9},
	Keywords = {Empirical Software Engineering, Inspection, Open source software, Peer code review, Software firms},
	Location = {Saint Petersburg, Russia},
	Numpages = {11},
	Pages = {202--212},
	Publisher = {ACM},
	Series = {ESEC/FSE 2013},
	Title = {Convergent contemporary software peer review practices},
	Url = {http://doi.acm.org/http://dx.doi.org/10.1145/2491411.2491444},
	Year = {2013},
	Bdsk-Url-1 = {http://doi.acm.org/http://dx.doi.org/10.1145/2491411.2491444},
	Bdsk-Url-2 = {http://dx.doi.org/10.1145/2491411.2491444}
}

@inproceedings{Zhou2011ICSE,
 author = {Zhou, Minghui and Mockus, Audris},
 title = {Does the Initial Environment Impact the Future of Developers?},
 booktitle = {Proceedings of the 33rd International Conference on Software Engineering},
 series = {ICSE '11},
 year = {2011},
 isbn = {978-1-4503-0445-0},
 location = {Waikiki, Honolulu, HI, USA},
 pages = {271--280},
 numpages = {10},
 url = {http://doi.acm.org/10.1145/1985793.1985831},
 doi = {10.1145/1985793.1985831},
 acmid = {1985831},
 publisher = {ACM},
 address = {New York, NY, USA},
 keywords = {initial environment, learning trajectory, relative sociality, socio-technical balance},
} 



@inproceedings{Zhou2010FSE,
 author = {Zhou, Minghui and Mockus, Audris},
 title = {Developer Fluency: Achieving True Mastery in Software Projects},
 booktitle = {Proceedings of the Eighteenth ACM SIGSOFT International Symposium on Foundations of Software Engineering},
 series = {FSE '10},
 year = {2010},
 isbn = {978-1-60558-791-2},
 location = {Santa Fe, New Mexico, USA},
 pages = {137--146},
 numpages = {10},
 url = {http://doi.acm.org/10.1145/1882291.1882313},
 doi = {10.1145/1882291.1882313},
 acmid = {1882313},
 publisher = {ACM},
 address = {New York, NY, USA},
 keywords = {developer fluency, developer learning, productivity, task centrality, task difficulty},
} 


@inproceedings{Zhou2012ICSE,
 author = {Zhou, Minghui and Mockus, Audris},
 title = {What Make Long Term Contributors: Willingness and Opportunity in OSS Community},
 booktitle = {Proceedings of the 34th International Conference on Software Engineering},
 series = {ICSE '12},
 year = {2012},
 isbn = {978-1-4673-1067-3},
 location = {Zurich, Switzerland},
 pages = {518--528},
 numpages = {11},
 url = {http://dl.acm.org/citation.cfm?id=2337223.2337284},
 acmid = {2337284},
 publisher = {IEEE Press},
 address = {Piscataway, NJ, USA},
} 

@incollection{Pinzger2010CSE,
  title={Dynamic analysis of communication and collaboration in OSS projects},
  author={Pinzger, Martin and Gall, Harald C},
  booktitle={Collaborative Software Engineering},
  pages={265--284},
  year={2010},
  publisher={Springer}
}

@article{Damian2006IEEES,
 author = {Damian, Daniela and Moitra, Deependra},
 title = {Guest Editors' Introduction: Global Software Development: How Far Have We Come?},
 journal = {IEEE Softw.},
 issue_date = {September 2006},
 volume = {23},
 number = {5},
 month = sep,
 year = {2006},
 issn = {0740-7459},
 pages = {17--19},
 numpages = {3},
 publisher = {IEEE Computer Society Press},
} 


@article{Shihab2011SPE,
 author = {Shihab, Emad and Jiang, Zhen Ming and Adams, Bram and Hassan, Ahmed E. and Bowerman, Robert},
 title = {Prioritizing the creation of unit tests in legacy software systems},
 journal = {Softw. Pract. Exper.},
 issue_date = {September 2011},
 volume = {41},
 number = {10},
 month = sep,
 year = {2011},
 pages = {1027--1048},
 publisher = {John Wiley \& Sons, Inc.},
} 


@inproceedings{Holmes2005ICSE,
 author = {Holmes, Reid and Murphy, Gail C.},
 title = {Using structural context to recommend source code examples},
 booktitle = {Proceedings of the 27th international conference on Software engineering},
 series = {ICSE '05},
 year = {2005},
 location = {St. Louis, MO, USA},
 pages = {117--125},
 numpages = {9},
} 

@inproceedings{Norton2011Cybercrime,
 author = {Norton},
 title = {Norton Cybercrime Report 2011},
 year = {2011}
} 
http://ca.norton.com/cybercrimereport/promo



@inproceedings{Godfrey2000ICSM,
 author = {Godfrey, Michael W. and Tu, Qiang},
 title = {Evolution in Open Source Software: A Case Study},
 booktitle = {Proceedings of the International Conference on Software Maintenance (ICSM'00)},
 series = {ICSM '00},
 year = {2000},
 isbn = {0-7695-0753-0},
 pages = {131--},
 publisher = {IEEE Computer Society},
} 

Software Engineering in Practice???
@inproceedings{Buse2012SEIP,
 author = {Buse, Raymond P. L. and Zimmermann, Thomas},
 title = {Information needs for software development analytics},
 booktitle = {Proceedings of the 2012 International Conference on Software Engineering},
 series = {ICSE 2012},
 year = {2012},
 isbn = {978-1-4673-1067-3},
 location = {Zurich, Switzerland},
 pages = {987--996},
 numpages = {10},
 publisher = {IEEE Press},
} 

@article{Humphrey1988IEEES,
 author = {Humphrey, Watts S.},
 title = {Characterizing the Software Process: A Maturity Framework},
 journal = {IEEE Softw.},
 issue_date = {March 1988},
 volume = {5},
 number = {2},
 month = mar,
 year = {1988},
 issn = {0740-7459},
 pages = {73--79},
 numpages = {7},
 publisher = {IEEE Computer Society Press},
} 

@article{Boehm1991IEEES,
 author = {Boehm, Barry W.},
 title = {Software Risk Management: Principles and Practices},
 journal = {IEEE Softw.},
 issue_date = {January 1991},
 volume = {8},
 number = {1},
 month = jan,
 year = {1991},
 pages = {32--41},
 numpages = {10},
} 

@book{Mansourov2010MKP,
 author = {Mansourov, Nikolai and Campara, Djenana},
 title = {System Assurance: Beyond Detecting Vulnerabilities},
 year = {2010},
 isbn = {9780123814142},
 edition = {1st},
 publisher = {Morgan Kaufmann Publishers Inc.},
 address = {San Francisco, CA, USA},
} 

@article{Keil1998Comm,
 author = {Keil, Mark and Cule, Paul E. and Lyytinen, Kalle and Schmidt, Roy C.},
 title = {A framework for identifying software project risks},
 journal = {Commun. ACM},
 issue_date = {Nov. 1998},
 volume = {41},
 number = {11},
 month = nov,
 year = {1998},
 pages = {76--83},
 numpages = {8},
 publisher = {ACM},
} 

@article{Anda2009TSE,
 author = {Anda, Bente C. D. and Sjoberg, Dag I. K. and Mockus, Audris},
 title = {{Variability and Reproducibility in Software Engineering: A Study of Four Companies that Developed the Same System}},
 journal = {IEEE Trans. Softw. Eng.},
 issue_date = {May 2009},
 volume = {35},
 number = {3},
 month = may,
 year = {2009},
 pages = {407--429},
 numpages = {23},
 publisher = {IEEE Press},
}

@article{Cornelissen2009TSE,
 author = {Cornelissen, Bas and Zaidman, Andy and van Deursen, Arie and Moonen, Leon and Koschke, Rainer},
 title = {A Systematic Survey of Program Comprehension through Dynamic Analysis},
 journal = {IEEE Trans. Softw. Eng.},
 issue_date = {September 2009},
 volume = {35},
 number = {5},
 month = sep,
 year = {2009},
 pages = {684--702},
 numpages = {19},
 publisher = {IEEE Press},
} 


@article{Agrawal2007TSE,
 author = {Agrawal, Manish and Chari, Kaushal},
 title = {Software Effort, Quality, and Cycle Time: A Study of CMM Level 5 Projects},
 journal = {IEEE Trans. Softw. Eng.},
 issue_date = {March 2007},
 volume = {33},
 number = {3},
 month = mar,
 year = {2007},
 pages = {145--156},
 numpages = {12},
 publisher = {IEEE Press},
 keywords = {Cost estimation, Cost estimation, time estimation, software quality, productivity., productivity., software quality, time estimation},
} 

@techreport{Herbsleb1994CMM,
  title={Benefits of CMM-based software process improvement: initial results},
  author={Herbsleb, J. and Carleton, A. and Rozum, J. and Siegel, J. and Zubrow, D.},
  year={1994},
  institution={DTIC Document}
}

@inproceedings{Anvik2006ICSE,
 author = {Anvik, John and Hiew, Lyndon and Murphy, Gail C.},
 title = {Who should fix this bug?},
 booktitle = {Proceedings of the 28th international conference on Software engineering},
 series = {ICSE '06},
 year = {2006},
 location = {Shanghai, China},
 pages = {361--370},
 numpages = {10},
 keywords = {bug report assignment, bug triage, issue tracking, machine learning, problem tracking},
} 

@INPROCEEDINGS{Kim2007ICSE,
author={Sunghun Kim and Zimmermann, T. and Whitehead, E.J. and Zeller, A.},
booktitle = {Proceedings of the 29th international conference on Software engineering},
title={Predicting Faults from Cached History},
year={2007},
month={May},
pages={489 -498},
}

@article{Laudan1981SR,
  title={A problem-solving approach to scientific progress},
  author={Laudan, L.},
  journal={Scientific Revolutions},
  year={1981},
  publisher={Oxford University Press}
}

@article{Robertson2004JD,
  title={Understanding inverse document frequency: on theoretical arguments for IDF},
  author={Robertson, S.},
  journal={Journal of Documentation},
  volume={60},
  number={5},
  pages={503--520},
  year={2004},
  publisher={Emerald Group Publishing Limited}
}

@book{Manning2008IR,
  title={Introduction to information retrieval},
  author={Manning, C.D. and Raghavan, P. and Schutze, H.},
  year={2008},
  publisher={Cambridge University Press Cambridge}
}
volume={1},

@book{Gosling2012JLS,
  title={The Java (TM) Language Specification},
  author={Gosling, J. and Joy, B. and Steele, G. and Bracha, G.},
  year={2012},
}
publisher={Addison-Wesley Professional}

@INPROCEEDINGS{Dagenais2012ICSE,
author={Dagenais, Barthelemy and Robillard, Martin P.},
booktitle={Software Engineering (ICSE), 2012 34th International Conference on}, title={Recovering traceability links between an API and its learning resources},
year={2012},
month={june},
volume={},
number={},
pages={47 -57},
keywords={},
doi={10.1109/ICSE.2012.6227207},
ISSN={0270-5257},
}

@inproceedings{Buse2012ICSE,
 author = {Buse, Raymond P. L. and Weimer, Westley},
 title = {Synthesizing API usage examples},
 booktitle = {Proceedings of the 2012 International Conference on Software Engineering},
 series = {ICSE 2012},
 year = {2012},
 isbn = {978-1-4673-1067-3},
 location = {Zurich, Switzerland},
 pages = {782--792},
}

@inproceedings{Uddin2012ICSE,
 author = {Uddin, Gias and Dagenais, Barth{\'e}l{\'e}my and Robillard, Martin P.},
 title = {Temporal analysis of API usage concepts},
 booktitle = {Proceedings of the 2012 International Conference on Software Engineering},
 series = {ICSE 2012},
 year = {2012},
 isbn = {978-1-4673-1067-3},
 location = {Zurich, Switzerland},
 pages = {804--814},
}

@inproceedings{Bacchelli2010ICSE,
  title={Linking e-mails and source code artifacts},
  author={Bacchelli, A. and Lanza, M. and Robbes, R.},
  booktitle={Proceedings of the 32nd ACM/IEEE International Conference on Software Engineering-Volume 1},
  pages={375--384},
  year={2010},
  organization={ACM}
}

@article{Antoniol2002TSE,
  title={Recovering traceability links between code and documentation},
  author={Antoniol, G. and Canfora, G. and Casazza, G. and De Lucia, A. and Merlo, E.},
  journal={Software Engineering, IEEE Transactions on},
  volume={28},
  number={10},
  pages={970--983},
  year={2002},
  publisher={IEEE}
}

@inproceedings{Marcus2003ICSE,
  title={Recovering documentation-to-source-code traceability links using latent semantic indexing},
  author={Marcus, A. and Maletic, J.I.},
  booktitle={Software Engineering, 2003. Proceedings. 25th International Conference on},
  pages={125--135},
  year={2003},
  organization={Ieee}
}

@article{Dagenais2008OOPSLA,
 author = {Dagenais, Barth{\'e}l{\'e}my and Hendren, Laurie},
 title = {Enabling static analysis for partial java programs},
 journal = {SIGPLAN Not.},
 issue_date = {September 2008},
 volume = {43},
 number = {10},
 month = oct,
 year = {2008},
 issn = {0362-1340},
 pages = {313--328},
 numpages = {16},
 url = {http://doi.acm.org/10.1145/1449955.1449790},
 doi = {10.1145/1449955.1449790},
 acmid = {1449790},
 publisher = {ACM},
 address = {New York, NY, USA},
 keywords = {java, partial programs, type inference},
} 

@inproceedings{Moonen2001WCRE,
  title={Generating robust parsers using island grammars},
  author={Moonen, L.},
  booktitle={Reverse Engineering, 2001. Proceedings. Eighth Working Conference on},
  pages={13--22},
  year={2001},
  organization={IEEE}
}

@inproceedings{vanDeursen1999ICSM,
  title={Building documentation generators},
  author={Van Deursen, A. and Kuipers, T.},
  booktitle={Software Maintenance, 1999.(ICSM'99) Proceedings. IEEE International Conference on},
  pages={40--49},
  year={1999},
  organization={IEEE}
}

@inproceedings{DAmbros2010MSR,
  title={An extensive comparison of bug prediction approaches},
  author={D'Ambros, M. and Lanza, M. and Robbes, R.},
  booktitle={7th IEEE Working Conference on Mining Software Repositories (MSR)},
  pages={31--41},
  year={2010},
  organization={IEEE}
}

@incollection{Koch2004LNCS,
   author = {Koch, Stefan},
   title = {Agile Principles and Open Source Software Development: A Theoretical and Empirical Discussion},
   booktitle = {Extreme Programming and Agile Processes in Software Engineering},
   series = {Lecture Notes in Computer Science},
   editor = {Eckstein, Jutta and Baumeister, Hubert},
   publisher = {Springer Berlin / Heidelberg},
   keyword = {Computer Science},
   pages = {85-93},
   volume = {3092},
   year = {2004}
}

@article{Rigby2011IEEES-submission,
title = {{Open Source Peer Review -- Lessons for Closed Source}},
author = {Rigby, Peter C. and Cleary, Brendan and Painchaud, Frederic and Storey, Margaret-Anne and German, Daniel M.},
year = {2011},
month = {October},
journal = {IEEE Software, Submission number SW-2011-10-0188},
pages = {5},
url = {http://helium.cs.uvic.ca/other/Rigby2011IEEES-submission.pdf},
}

@incollection{Keeling2010LBIP,
   author = {Keeling, Michael},
   title = {Put It to the Test: Using Lightweight Experiments to Improve Team Processes},
   booktitle = {Agile Processes in Software Engineering and Extreme Programming},
   series = {Lecture Notes in Business Information Processing},
   editor = {Aalst, Wil and Mylopoulos, John and Rosemann, Michael and Shaw, Michael J. and Szyperski, Clemens and Sillitti, Alberto and Martin, Angela and Wang, Xiaofeng and Whitworth, Elizabeth},
   publisher = {Springer Berlin Heidelberg},
   isbn = {978-3-642-13054-0},
   keyword = {Computer Science},
   pages = {287-296},
   volume = {48},
   year = {2010}
}


@INPROCEEDINGS{Zhang2011HICSS,
author={Xuesong Zhang and Dorn, B. and Jester, W. and Van Pelt, J. and Gaeta, G. and Firpo, D.},
booktitle={System Sciences (HICSS), 2011 44th Hawaii International Conference on}, title={Design and Implementation of Java Sniper: A Community-Based Software Code Review Web Solution},
year={2011},
month={jan.},
volume={},
number={},
pages={1 -10}, 
}

@conference{Ratcliffe2009SQC,
  title={Moving Software Quality Upstream: The Positive Impact of Lightweight Peer Code Review},
  author={Ratcliffe, J.G.},
  year={2009},
  booktitle={Pacific NW Software Quality Conference},
}

@article{Kampstra2008Beanplots,
	author = {P. Kampstra},
	title = {Beanplot: A boxplot alternative for visual
comparison of distributions},
	journal = {Journal of Statistical Software, Code Snippets 1},
	volume = {28},
	year = {2008},
	pages = {1-9},
}

@conference{Shihab2009MSR,
  title={On the use of internet relay chat (irc) meetings by developers of the gnome gtk+ project},
  author={Shihab, E. and Jiang, Z.M. and Hassan, A.E.},
  booktitle={MSR: In the Proceedings of the 6th IEEE International Working Conference on Mining Software Repositories},
  pages={107--110},
  year={2009},
  publisher={IEEE Computer Society}
}

@inproceedings{Parnas1985ICSE,
 author = {David L. Parnas and David M. Weiss},
 title = {Active design reviews: principles and practices},
 booktitle = {ICSE: Proceedings of the 8th international conference on Software engineering},
 year = {1985},
 isbn = {0-8186-0620-7},
 pages = {132--136},
 location = {London, England},
 publisher = {IEEE Computer Society Press},
 }

@conference{Spinellis2009ICSE,
  title={{A tale of four kernels}},
  author={Spinellis, D.},
  booktitle={ICSE: Proceedings of the 30th International Conference on Software Engineering},
  pages={381--390},
  issn={0270-5257},
  year={2008},
  organization={IEEE Computer Society}
}

@article{FLOSSmole,
	title = {FLOSSmole: A collaborative repository for FLOSS research data and analyses},
	journal = {International Journal of Information Technology and Web Engineering},
	volume = {1},
	year = {2006},
	pages = {17-26},
	chapter = {17},
	author = {Howison, James and Conklin, Megan and Crowston, Kevin}
}

@article{Spearman1906BPS,
  title={{"Footrule" for Measuring Correlation.}},
  author={Spearman, C.},
  journal={British Journal of Psychology},
  issn={0007-1269},
  year={1906},
  publisher={British Psychological Society}
}

@inproceedings{Bowman1999ICSE,
	Author = {Ivan T. Bowman and Richard C. Holt and Neil V. Brewster},
	Booktitle = {In ICSE: Proceedings of the 21st International Conference on Software Engineering},
	Pages = {555-563},
	Title = {Linux as a Case Study: Its Extracted Software Architecture},
	Year = {1999}
}

@article{Benjamini1995RSS,
  title={{Controlling the false discovery rate: a practical and powerful approach to multiple testing}},
  author={Benjamini, Y. and Hochberg, Y.},
  journal={Journal of the Royal Statistical Society. Series B (Methodological)},
  volume={57},
  number={1},
  pages={289--300},
  issn={0035-9246},
  year={1995},
  publisher={JSTOR}
}

@article{McCullagh1989Cha,
  title={{Generalized linear models (Monographs on statistics and applied probability 37)}},
  author={McCullagh, P. and Nelder, J.A.},
  journal={London: Chapman Hall},
  year={1989}
}

@article{Beck2001Manifesto,
  title={{The Agile Manifesto}},
  author={Beck, K. and Beedle, M. and van Bennekum, A. and Cockburn, A. and Cunningham, W. and Fowler, M. and Grenning, J. and Highsmith, J. and Hunt, A. and Jeffries, R. and others},
  year={2001}
}


@book{Cockburn2004AW,
  title={{Crystal clear a human-powered methodology for small teams}},
  author={Cockburn, A.},
  isbn={0201699478},
  year={2004},
  publisher={Addison-Wesley Professional}
}

@article{German2003SPIP,
  title={{The GNOME project: a case study of open source, global software development}},
  author={German, D.M.},
  journal={Software Process Improvement and Practice},
  volume={8},
  number={4},
  pages={201--215},
  issn={1077-4866},
  year={2003},
  publisher={Wiley Online Library}
}

@book{Maindonald2003Cam,
  title={{Data analysis and graphics using R: an example-based approach}},
  author={Maindonald, J.H. and Braun, J.},
  year={2003},
  publisher={Cambridge University Press}
}

@conference{German2007MSR,
  title={Using software distributions to understand the relationship among free and open source software projects},
  author={German, D.M.},
  booktitle={MSR: Proceedings of the Fourth International Workshop on Mining Software Repositories},
  pages={8},
  isbn={076952950X},
  year={2007},
  organization={IEEE}
}

@article{Nosek1998ACMC,
  title={The case for collaborative programming},
  author={Nosek, JT},
  journal={Communications of the ACM},
  volume={41},
  number={3},
  pages={105--8},
  year={1998}
}

@article{Cockburn2001AW,
 author = {Alistair Cockburn and Laurie Williams},
 title = {The costs and benefits of pair programming},
 book = {Extreme programming examined},
 year = {2001},
 isbn = {0-201-71040-4},
 pages = {223--243},
 publisher = {Addison-Wesley Longman Publishing Co., Inc.},
 address = {Boston, MA, USA},
 }

@article{Balijepally2009MIS,
  title={{Are two heads better than one for software development? The productivity paradox of pair programming}},
  author={Balijepally, V.G. and Mahapatra, R.K. and Nerur, S.P. and Price, K.},
  journal={Management Information Systems Quarterly},
  volume={33},
  number={1},
  pages={7},
  year={2009}
}

@article{Hannay2009IST,
  title={{The effectiveness of pair programming: A meta-analysis}},
  author={Hannay, J.E. and Dyb{\aa}, T. and Arisholm, E. and Sj{\o}berg, D.I.K.},
  journal={Information and Software Technology},
  volume={51},
  number={7},
  pages={1110--1122},
  issn={0950-5849},
  year={2009},
  publisher={Elsevier}
}

@inproceedings{Hulkko2005ICSE,
 author = {Hanna Hulkko and Pekka Abrahamsson},
 title = {A multiple case study on the impact of pair programming on product quality},
 booktitle = {ICSE: Proceedings of the 27th international conference on Software engineering},
 year = {2005},
 isbn = {1-59593-963-2},
 pages = {495--504},
 location = {St. Louis, MO, USA},
 doi = {http://doi.acm.org/10.1145/1062455.1062545}},
 publisher = {ACM Press},
 }

@book{Weinberg1971VNR,
  title={{The psychology of computer programming}},
  author={Weinberg, G.M.},
  year={1971},
  publisher={Van Nostrand Reinhold}
}

@inproceedings{Williams2001SEET,
  title={Integrating pair programming into a software development process},
  author={Williams, L.},
  booktitle={14th Conference on Software Engineering Education and Training},
  pages={27--36},
  year={2001},
  organization={IEEE}
}

@book{Williams2002AW,
  title={{Pair programming illuminated}},
  author={Williams, L. and Kessler, R.},
  isbn={0201745763},
  year={2002},
  publisher={Addison-Wesley Longman Publishing Co., Inc. Boston, MA, USA}
}

@conference{Dagenais2010FSE,
  title={Creating and Evolving Developer Documentation: Understanding the Decisions of Open Source Contributors},
  author={Dagenais, B. and Robillard, M.P.},
  booktitle={FSE: Proceedings of the 18th ACM Symposium on the Foundations of Software Engineering},
  year={2010},
  organization={ACM Press}
}

@article{Onwuegbuzie2007QQ,
  title={Validity and Qualitative Research: An Oxymoron?},
  author={Onwuegbuzie, A.J. and Leech, N.L.},
  journal={Quality and quantity},
  volume={41},
  number={2},
  pages={233--249},
  issn={0033-5177},
  year={2007},
  publisher={Springer}
}

@article{Sowe2008JSS,
title = "Understanding knowledge sharing activities in free/open source software projects: An empirical study",
journal = "Journal of Systems and Software",
volume = "81",
number = "3",
pages = "431 - 446",
year = "2008",
}

@inproceedings{Rigby2011ICSE,
 author = {Rigby, Peter C. and Storey, Margaret-Anne},
 title =        {Understanding Broadcast Based Peer Review on Open Source Software Projects},
 booktitle = {Proceeding of the 33rd international conference on Software engineering},
 series = {ICSE '11},
 year = {2011},
 isbn = {978-1-4503-0445-0},
 location = {Waikiki, Honolulu, HI, USA},
 pages = {541--550},
 numpages = {10},
 acmid = {1985867},
 publisher = {ACM},
 address = {New York, NY, USA},
 keywords = {case studies, grounded theory, open source software, peer review},
} 
 url = {http://doi.acm.org/10.1145/1985793.1985867},
 doi = {http://doi.acm.org/10.1145/1985793.1985867},

@article{Adams1984IBMJ,
  title={{Optimising Preventive Service of Software Products}},
  author={Adams, E.},
  journal={IBM Journal of Research and Development},
  volume={28},
  number={1},
  pages={2--14},
  year={1984}
}

@ARTICLE{Mockus2001IEES,
author={Mockus, A. and Weiss, D.M.},
journal={Software, IEEE}, title={Globalization by chunking: a quantitative approach},
year={2001},
month=mar/apr,
volume={18},
number={2},
pages={30 -37}
}

@article{Hossain2009SPI,
  title={How Can Agile Practices Minimize Global Software Development Co-ordination Risks?},
  author={Hossain, E. and Babar, M.A. and Verner, J.},
  journal={Software Process Improvement},
  pages={81--92},
  year={2009},
  publisher={Springer}
}

article{Sutherland2001CIT,
  title={{Agile can scale: Inventing and reinventing scrum in five companies}},
  author={Sutherland, J.},
  journal={Cutter IT Journal},
  volume={14},
  number={12},
  pages={5--11},
  issn={1522-7383},
  year={2001},
  publisher={CUTTER INFORMATION CORP.}
}


@conference{Kleen2008LS,
  title={{On submitting kernel patches}},
  author={Kleen, A.},
  booktitle={Linux Symposium},
  year={2008},
  pages={253}
}

@ARTICLE{Larman2003Comp,
author={Larman, C. and Basili, V.R.},
journal={Computer}, title={Iterative and incremental developments: a brief history},
year={2003},
month=june,
volume={36},
number={6},
pages={ 47 - 56}
}

@article{Fowler2001SD,
  title={{The agile manifesto}},
  author={Fowler, M. and Highsmith, J.},
  journal={Software Development},
  volume={9},
  number={8},
  pages={28--35},
  issn={1070-8588},
  year={2001},
  publisher={[San Francisco, CA: Miller Freeman, Inc., 1993-}
}

@INPROCEEDINGS{Mann2005Agile,
author={ Mann, C. and Maurer, F.},
booktitle={Agile Conference, 2005. Proceedings}, title={A case study on the impact of scrum on overtime and customer satisfaction},
year={2005},
month=july,
pages={ 70 - 79}
}

@INPROCEEDINGS{Martin2009Agile,
author={Martin, A. and Biddle, R. and Noble, J.},
booktitle={Agile Conference, 2009. AGILE '09.}, title={The XP Customer Team: A Grounded Theory},
year={2009},
month=aug.,
pages={57 -64}
}

@ARTICLE{Rising2000IEES,
author={Rising, L. and Janoff, N.S.},
journal={Software, IEEE}, title={The Scrum software development process for small teams},
year={2000},
month=jul/aug,
volume={17},
number={4},
pages={26 -32}
}

@book{Schwaber2002PH,
  title={{Agile software development with Scrum}},
  author={Schwaber, K. and Beedle, M.},
  volume={18},
  year={2002},
  publisher={Prentice Hall Upper Saddle River, NJ}
}

@article{Sharp2008JHCS,
  title={{Collaboration and co-ordination in mature eXtreme programming teams}},
  author={Sharp, H. and Robinson, H.},
  journal={International Journal of Human-Computer Studies},
  volume={66},
  number={7},
  pages={506--518},
  issn={1071-5819},
  year={2008},
  publisher={Elsevier}
}

@INPROCEEDINGS{Whitworth2007Agile,
author={Whitworth, E. and Biddle, R.},
booktitle={AGILE 2007}, title={The Social Nature of Agile Teams},
year={2007},
pages={26 -36}
}

@ARTICLE{Cockburn2001Comp,
author={Cockburn, A. and Highsmith, J.},
journal={Computer}, title={Agile software development, the people factor},
year={2001},
volume={34},
number={11},
pages={131 -133}
}

@article{Hertel2003RP,
  title={{Motivation of software developers in Open Source projects: an Internet-based survey of contributors to the Linux kernel}},
  author={Hertel, G. and Niedner, S. and Herrmann, S.},
  journal={Research policy},
  volume={32},
  number={7},
  pages={1159--1177},
  issn={0048-7333},
  year={2003},
  publisher={Elsevier}
}

@article{Dyba2008IST,
  title={{Empirical studies of agile software development: A systematic review}},
  author={Dyb{\aa}, T. and Dings{\o}yr, T.},
  journal={Information and Software Technology},
  volume={50},
  number={9-10},
  pages={833--859},
  issn={0950-5849},
  year={2008},
  publisher={Elsevier}
}

@article{Chow2008JSS,
  title={{A survey study of critical success factors in agile software projects}},
  author={Chow, T. and Cao, D.B.},
  journal={Journal of Systems and Software},
  volume={81},
  number={6},
  pages={961--971},
  issn={0164-1212},
  year={2008},
  publisher={Elsevier}
}

@incollection{Chau2004LVA,
   author = {Chau, Thomas and Maurer, Frank},
   affiliation = {University of Calgary, Department of Computer Science Calgary, Alberta Canada T2N 1N4},
   title = {Knowledge Sharing in Agile Software Teams},
   booktitle = {Logic versus Approximation},
   series = {Lecture Notes in Computer Science},
   editor = {Lenski, Wolfgang},
   publisher = {Springer Berlin / Heidelberg},
   isbn = {},
   pages = {173-183},
   volume = {3075},
   url = {http://dx.doi.org/10.1007/978-3-540-25967-1_12},
   note = {10.1007/978-3-540-25967-1_12},
   year = {2004}
}

@INPROCEEDINGS{Begel2007ESEM,
author={Begel, A. and Nagappan, N.},
booktitle={Empirical Software Engineering and Measurement, 2007. ESEM 2007. First International Symposium on}, title={Usage and Perceptions of Agile Software Development in an Industrial Context: An Exploratory Study},
year={2007},
pages={255 -264}
}
 
@inproceedings{Anderson2003OOPSLA,
 author = {Anderson, Lougie and Alleman, Glen B. and Beck, Kent and Blotner, Joe and Cunningham, Ward and Poppendieck, Mary and Wirfs-Brock, Rebecca},
 title = {Agile management - an oxymoron?: who needs managers anyway?},
 booktitle = {Companion of the 18th annual ACM SIGPLAN conference on Object-oriented programming, systems, languages, and applications},
 series = {OOPSLA '03},
 year = {2003},
 isbn = {1-58113-751-6},
 location = {Anaheim, CA, USA},
 pages = {275--277},
 numpages = {3},
 url = {http://doi.acm.org/10.1145/949344.949410},
 doi = {http://doi.acm.org/10.1145/949344.949410},
 acmid = {949410},
 publisher = {ACM},
 address = {New York, NY, USA},
 keywords = {agile methodologies, management best practices},
}

@article{Augustine2005Comm,
 author = {Augustine, Sanjiv and Payne, Bob and Sencindiver, Fred and Woodcock, Susan},
 title = {Agile project management: steering from the edges},
 journal = {Commun. ACM},
 volume = {48},
 issue = {12},
 month = {December},
 year = {2005},
 issn = {0001-0782},
 pages = {85--89},
 numpages = {5},
 url = {http://doi.acm.org/10.1145/1101779.1101781},
 doi = {http://doi.acm.org/10.1145/1101779.1101781},
 acmid = {1101781},
 publisher = {ACM},
 address = {New York, NY, USA},
}

@INPROCEEDINGS{Aston2008Agile,
author={Aston, J. and Laroche, L. and Meszaros, G.},
booktitle={Agile, 2008. AGILE '08. Conference}, title={Cowboys and Indians: Impacts of Cultural Diversity on Agile Teams},
year={2008},
pages={423 -428}
}

@article{Abbas2008ASX,
  title={{Historical Roots of Agile Methods: Where Did “Agile Thinking” Come From?}},
  author={Abbas, N. and Gravell, A.M. and Wills, G.B.},
  journal={Agile Processes in Software Engineering and Extreme Programming},
  pages={94--103},
  year={2008},
  publisher={Springer}
}

@article{Ciolkowski2003IEES,
  title={{Software reviews: The state of the practice}},
  author={Ciolkowski, M. and Laitenberger, O. and Biffl, S.},
  journal={IEEE software},
  pages={46--51},
  issn={0740-7459},
  year={2003},
  publisher={Published by the IEEE Computer Society}
}

@conference{Porter1994ICSE,
  title={{An experiment to assess different defect detection methods for software requirements inspections}},
  author={Porter, A.A. and Votta, L.G.},
  booktitle={Proceedings of the 16th international conference on Software engineering},
  pages={103--112},
  isbn={081865855X},
  year={1994},
  organization={IEEE Computer Society Press}
}

@article{Porter1996AC,
  title={{A review of software inspections}},
  author={Porter, A. and Siy, H. and Votta, L.},
  journal={Advances in Computers},
  volume={42},
  pages={39--76},
  issn={0065-2458},
  year={1996},
  publisher={Elsevier}
}

@article{Aurum2002STVR,
  title={{State-of-the-art: software inspections after 25 years}},
  author={Aurum, A. and Petersson, H. and Wohlin, C.},
  journal={Software Testing, Verification and Reliability},
  volume={12},
  number={3},
  pages={133--154},
  issn={1099-1689},
  year={2002},
  publisher={Wiley Online Library}
}

@article{Shull2008IEES,
  title={{Inspecting the History of Inspections: An Example of Evidence-Based Technology Diffusion}},
  author={Shull, F. and Seaman, C.},
  journal={Software, IEEE},
  volume={25},
  number={1},
  pages={88--90},
  issn={0740-7459},
  year={2008},
  publisher={IEEE}
}

@article{Grady1994IEES,
  title={{Key lessons in achieving widespread inspection use}},
  author={Grady, R.B. and Van Slack, T.},
  journal={IEEE software},
  pages={46--57},
  issn={0740-7459},
  year={1994},
  publisher={Published by the IEEE Computer Society}
}

@article{Doolan1992SPE,
  title={{Experience with Fagan's inspection method}},
  author={Doolan, EP},
  journal={Software: Practice and Experience},
  volume={22},
  number={2},
  pages={173--182},
  issn={1097-024X},
  year={1992},
  publisher={John Wiley \& Sons}
}

@ARTICLE{Boehm2002Comp,
author={Boehm, B.},
journal={ACM Computer}, title={Get ready for agile methods, with care},
year={2002},
volume={35},
number={1},
pages={64 -69},
ISSN={0018-9162},}

hash on lowercase no spaces titles
dump singles alpha ordered by author name
dump doubles alpha ordered by title
manually pick one you want
??could we just use normal diff??


@INPROCEEDINGS{Abrahamsson2003ICSE,
author={Abrahamsson, P. and Warsta, J. and Siponen, M.T. and Ronkainen, J.},
booktitle={Software Engineering, 2003. Proceedings. 25th International Conference on}, title={New directions on agile methods: a comparative analysis},
year={2003},
month=may,
volume={},
number={},
pages={ 244 - 254},
doi={10.1109/ICSE.2003.1201204},
ISSN={0270-5257 },}

@ARTICLE{Porter1995TSE,
author={Porter, A.A. and Votta, L.G., Jr. and Basili, V.R.},
journal={Software Engineering, IEEE Transactions on}, title={Comparing detection methods for software requirements inspections: a replicated 
experiment},
year={1995},
month=jun,
volume={21},
number={6},
pages={563 -575},
doi={10.1109/32.391380},
ISSN={0098-5589},}


@article{Hatton2008IEES,
  title={{Testing the value of checklists in code inspections}},
  author={Hatton, L.},
  journal={IEEE Software},
  volume={25},
  number={4},
  pages={82--88},
  issn={0740-7459},
  year={2008},
  publisher={IEEE}
}

@article{Glazer2010CT,
  title={{Love and Marriage: CMMI and Agile Need Each Other}},
  author={Hillel Glazer},
  journal={CrossTalk: The Journal of Defense Software Engineering},
  volume={23},
  number={1},
  pages={29--34},
  year={2010},
}

@inproceedings{Hoda2010ICSE,
 author = {Hoda, Rashina and Noble, James and Marshall, Stuart},
 title = {Organizing self-organizing teams},
 booktitle = {ICSE: Proceedings of the 32nd ACM/IEEE International Conference on Software Engineering},
 year = {2010},
 isbn = {978-1-60558-719-6},
 location = {Cape Town, South Africa},
 pages = {285--294},
 numpages = {10},
 url = {http://doi.acm.org/10.1145/1806799.1806843},
 doi = {http://doi.acm.org/10.1145/1806799.1806843},
 acmid = {1806843},
 publisher = {ACM Press},
 keywords = {agile software development, self-organizing teams, software engineering},
}

@inproceedings{Mackay1988CSCW,
 author = {Mackay, Wendy E.},
 title = {More than just a communication system: diversity in the use of electronic mail},
 booktitle = {Proceedings of the 1988 ACM conference on Computer-supported cooperative work},
 series = {CSCW '88},
 year = {1988},
 isbn = {0-89791-282-9},
 location = {Portland, Oregon, United States},
 pages = {344--353},
 numpages = {10},
 url = {http://doi.acm.org/10.1145/62266.62293},
 doi = {http://doi.acm.org/10.1145/62266.62293},
 acmid = {62293},
 publisher = {ACM},
 address = {New York, NY, USA},
}


@misc{Allbery2007Web,
	title={{Why Ask Questions in Public?}},
	author={R Allbery},
	year={2007},
  	NOTE="Available at \url{http://www.eyrie.org/~eagle/faqs/questions.html}"
}

@misc{Wright2010Resume,
	title={{Hyrum Wright's R\'esum\'e}},
	author={H Wright},
	year={2010},
  	NOTE="Available at \url{http://www.hyrumwright.org/resume.html}"
}


@inproceedings{Nonnecke2000CHI,
 author = {Nonnecke, Blair and Preece, Jenny},
 title = {Lurker demographics: counting the silent},
 booktitle = {CHI '00: Proceedings of the SIGCHI conference on Human factors in computing systems},
 year = {2000},
 isbn = {1-58113-216-6},
 pages = {73--80},
 location = {The Hague, The Netherlands},
 doi = {http://doi.acm.org/10.1145/332040.332409},
 publisher = {ACM},
 address = {New York, NY, USA},
 }


@article{Gurbani2010ACM,
 author = {Gurbani, Vijay K. and Garvert, Anita and Herbsleb, James D.},
 title = {Managing a corporate open source software asset},
 journal = {Commun. ACM},
 volume = {53},
 number = {2},
 year = {2010},
 issn = {0001-0782},
 pages = {155--159},
 doi = {http://doi.acm.org/10.1145/1646353.1646392},
 publisher = {ACM},
 address = {New York, NY, USA},
 }


@book{Send,
  title={{Send: The essential guide to email for office and home}},
  author={Shipley, D. and Schwalbe, W.},
  year={2007},
  publisher={Alfred A. Knopf}
}

@inproceedings{Bird2009MSR,
 author = {Bird, Christian and Rigby, Peter C. and Barr, Earl T. and Hamilton, David J. and German, Daniel M. and Devanbu, Prem},
 title = {The promises and perils of mining git},
 booktitle = {MSR '09: Proceedings of the 2009 6th IEEE International Working Conference on Mining Software Repositories},
 year = {2009},
 isbn = {978-1-4244-3493-0},
 pages = {10},
 doi = {http://dx.doi.org/10.1109/MSR.2009.5069475},
 publisher = {IEEE Computer Society},
 address = {Washington, DC, USA},
}

@article{RigbySubTOSEM,
 author = {Rigby, Peter C. and Barr, Earl T. and Bird, Christian and German, Daniel M. and Devanbu, Prem},
 title = {{Collaboration and Governance with Distributed Version Control}},
 journal = {ACM Transactions on Software Engineering and Methodology, Submission number TOSEM-2009-0087},
 pages = {33},
 year = {2009},
}

@book{Kocay2005CRC,
  title={{Graphs, algorithms, and optimization}},
  author={Kocay, W. and Kreher, D.L.},
  year={2005},
  publisher={CRC Press}
}

@Article{Newman2001PR,
  title = {Scientific collaboration networks. I. Network construction and fundamental results},
  author = {Newman, M. E. J.},
  journal = {Phys. Rev. E},
  volume = {64},
  number = {1},
  pages = {016131},
  numpages = {8},
  year = {2001},
  month = {Jun},
  doi = {10.1103/PhysRevE.64.016131},
  publisher = {American Physical Society}
}

@TechReport{Anthonisse1971TR,
  author = 	"Anthonisse, J. M.",
  title = 	"The rush in a directed graph.",
  institution = "Stichting Mathematisch Centrum, Amsterdam",
  year = 	"1971",
  number = 	"Techical Report BN 9/71",
}

@article{Freeman1977Soc,
  title={{A set of measures of centrality based on betweenness}},
  author={Freeman, L.C.},
  journal={Sociometry},
  pages={35--41},
  year={1977},
  publisher={JSTOR}
}

@Article{Newman2004PRb,
  title = {Analysis of weighted networks},
  author = {Newman, M. E. J.},
  journal = {Phys. Rev. E},
  volume = {70},
  number = {5},
  pages = {056131},
  numpages = {9},
  year = {2004},
  month = {Nov},
  doi = {10.1103/PhysRevE.70.056131},
  publisher = {American Physical Society}
}

@article{Brandes2001JMS,
  title={{A faster algorithm for betweenness centrality}},
  author={Brandes, U.},
  journal={Journal of Mathematical Sociology},
  volume={25},
  number={2},
  pages={163--177},
  year={2001},
}

@inproceedings{Rigby2008ICSE,
 author = {Peter C. Rigby and Daniel M. German and Margaret-Anne Storey},
 title = {Open Source Software Peer Review Practices: A Case Study of the Apache Server},
 booktitle = {ICSE: Proceedings of the 30th international conference on Software Engineering},
 year = {2008},
 isbn = {978-1-60558-079-1},
 pages = {541--550},
}

@Article{Newman2004PR,
  title = {Finding and evaluating community structure in networks},
  author = {Newman, M. E. J. and Girvan, M. },
  journal = {Phys. Rev. E},
  volume = {69},
  number = {2},
  pages = {026113},
  numpages = {15},
  year = {2004},
  month = {Feb},
  doi = {10.1103/PhysRevE.69.026113},
  publisher = {American Physical Society}
}

@Article{Newman2006PR,
  title = {Finding community structure in networks using the eigenvectors of matrices},
  author = {Newman, M. E. J.},
  journal = {Phys. Rev. E},
  volume = {74},
  number = {3},
  pages = {036104},
  numpages = {19},
  year = {2006},
  month = {Sep},
  doi = {10.1103/PhysRevE.74.036104},
  publisher = {American Physical Society}
}


@article{Mantyla2009TSE,
 author = {Mantyla, Mika V. and Lassenius, Casper},
 title = {What Types of Defects Are Really Discovered in Code Reviews?},
 journal = {IEEE Trans. Softw. Eng.},
 volume = {35},
 number = {3},
 year = {2009},
 issn = {0098-5589},
 pages = {430--448},
 doi = {http://dx.doi.org/10.1109/TSE.2008.71},
 publisher = {IEEE Press},
 address = {Piscataway, NJ, USA},
 }

@conference{Whittaker1996CHI,
  title={{Email overload: exploring personal information management of email}},
  author={Whittaker, S. and Sidner, C.},
  booktitle={Proceedings of the SIGCHI conference on Human factors in computing systems},
  pages={276--283},
  year={1996},
}

@article{Markus2007JMG,
  title={{The governance of free/open source software projects: monolithic, multidimensional, or configurational?}},
  author={Markus, M.L.},
  journal={Journal of Management and Governance},
  volume={11},
  number={2},
  pages={151--163},
  year={2007},
  publisher={Springer}
}

@inproceedings{Herbsleb2007FOSE,
 author = {Herbsleb, James D.},
 title = {Global Software Engineering: The Future of Socio-technical Coordination},
 booktitle = {FOSE: In proceedings of the 2007 Future of Software Engineering},
 year = {2007},
 isbn = {0-7695-2829-5},
 pages = {188--198},
 doi = {http://dx.doi.org/10.1109/FOSE.2007.11},
 publisher = {IEEE Computer Society},
 }

@inproceedings{Ko2007ICSE,
 author = {Ko, Andrew J. and DeLine, Robert and Venolia, Gina},
 title = {Information Needs in Collocated Software Development Teams},
 booktitle = {ICSE '07: Proceedings of the 29th international conference on Software Engineering},
 year = {2007},
 isbn = {0-7695-2828-7},
 pages = {344--353},
 doi = {http://dx.doi.org/10.1109/ICSE.2007.45},
 publisher = {IEEE Computer Society},
 address = {Washington, DC, USA},
 }

@inproceedings{Cataldo2010CSCW,
 author = {Cataldo, Marcelo},
 title = {Sources of errors in distributed development projects: implications for collaborative tools},
 booktitle = {CSCW '10: Proceedings of the 2010 ACM conference on Computer supported cooperative work},
 year = {2010},
 isbn = {978-1-60558-795-0},
 pages = {281--290},
 location = {Savannah, Georgia, USA},
 doi = {http://doi.acm.org/10.1145/1718918.1718971},
 publisher = {ACM},
 address = {New York, NY, USA},
 }

@inproceedings{Bertram2010CSCW,
 author = {Bertram, Dane and Voida, Amy and Greenberg, Saul and Walker, Robert},
 title = {Communication, collaboration, and bugs: the social nature of issue tracking in small, collocated teams},
 booktitle = {CSCW '10: Proceedings of the 2010 ACM conference on Computer supported cooperative work},
 year = {2010},
 isbn = {978-1-60558-795-0},
 pages = {291--300},
 location = {Savannah, Georgia, USA},
 doi = {http://doi.acm.org/10.1145/1718918.1718972},
 publisher = {ACM},
 address = {New York, NY, USA},
 }

@inproceedings{Gilbert2010CSCW,
 author = {Gilbert, Eric and Karahalios, Karrie},
 title = {Understanding deja reviewers},
 booktitle = {CSCW '10: Proceedings of the 2010 ACM conference on Computer supported cooperative work},
 year = {2010},
 isbn = {978-1-60558-795-0},
 pages = {225--228},
 location = {Savannah, Georgia, USA},
 doi = {http://doi.acm.org/10.1145/1718918.1718961},
 publisher = {ACM},
 address = {New York, NY, USA},
 }

@inproceedings{Nurolahzade2009IWPSE,
 author = {Nurolahzade, Mehrdad and Nasehi, Seyed Mehdi and Khandkar, Shahedul Huq and Rawal, Shreya},
 title = {The role of patch review in software evolution: an analysis of the mozilla firefox},
 booktitle = {International Workshop on Principles of Software Evolution},
 year = {2009},
 isbn = {978-1-60558-678-6},
 pages = {9--18},
 }

@inproceedings{Breu2010CSCW,
 author = {Breu, Silvia and Premraj, Rahul and Sillito, Jonathan and Zimmermann, Thomas},
 title = {Information needs in bug reports: improving cooperation between developers and users},
 booktitle = {CSCW: Computer Supported Cooperative Work},
 year = {2010},
 isbn = {978-1-60558-795-0},
 pages = {301--310},
 publisher = {ACM Press},
 }

@article{Kollanus2009OSEJ,
  title={{Survey of software inspection research}},
  author={Kollanus, S. and Koskinen, J.},
  journal={Open Software Engineering Journal},
  volume={3},
  pages={15--34},
  year={2009},
  publisher={Bentham Science Publishers B. V, P. O. Box 1673 Hilversum 1200 BR The Netherlands,}
}

@article{Bergquist2001JIT,
  title={{Practising peer review in organizations: a qualifier for knowledge dissemination and legitimization}},
  author={Bergquist, M. and Ljungberg, J. and Lundh-Snis, U.},
  journal={Journal of Information Technology},
  volume={16},
  number={2},
  pages={99--112},
  year={2001},
  publisher={Routledge}
}

@article{Wasko2000JSIS,
title = {"It is what one does": why people participate and help others in electronic communities of practice"},
journal = "The Journal of Strategic Information Systems",
volume = "9",
number = "2-3",
pages = "155 - 173",
year = "2000",
note = "",
issn = "0963-8687",
doi = "DOI: 10.1016/S0963-8687(00)00045-7",
url = "http://www.sciencedirect.com/science/article/B6VG3-41V3437-4/2/106bc49d21509d0346c569bc9ba9595b",
author = "M. McLure Wasko and S. Faraj",
keywords = "Knowledge management practices",
keywords = "People participation",
keywords = "Electronic communities"
}

@book{Demarco1999DH,
  title={{Peopleware: productive projects and teams}},
  author={DeMarco, T. and Lister, T.},
  isbn={0932633439},
  year={1999},
  publisher={Dorset House Publishing Company, Incorporated}
}

@article{Elseweiler2008TIS,
 author = {Elsweiler, David and Baillie, Mark and Ruthven, Ian},
 title = {Exploring memory in email refinding},
 journal = {ACM Trans. Inf. Syst.},
 volume = {26},
 number = {4},
 year = {2008},
 issn = {1046-8188},
 pages = {1--36},
 doi = {http://doi.acm.org/10.1145/1402256.1402260},
 publisher = {ACM},
 address = {New York, NY, USA},
 }

@article{Shanteau1992AP,
title = "How much information does an expert use? Is it relevant?",
journal = "Acta Psychologica",
volume = "81",
number = "1",
pages = "75 - 86",
year = "1992",
note = "",
issn = "0001-6918",
doi = "DOI: 10.1016/0001-6918(92)90012-3",
url = "http://www.sciencedirect.com/science/article/B6V5T-45RC56B-5P/2/782763959dfc036655417ca7d7cab28e",
author = "James Shanteau"
}

@article{Macdonald2008AIR,
  title={{High quality expertise evidence for expert search}},
  author={Macdonald, C. and Hannah, D. and Ounis, I.},
  journal={Advances in Information Retrieval},
  pages={283--295},
  year={2008},
  publisher={Springer}
}

@inproceedings{Macdonald2006CIKM,
 author = {Macdonald, Craig and Ounis, Iadh},
 title = {Voting for candidates: adapting data fusion techniques for an expert search task},
 booktitle = {CIKM '06: Proceedings of the 15th ACM international conference on Information and knowledge management},
 year = {2006},
 isbn = {1-59593-433-2},
 pages = {387--396},
 location = {Arlington, Virginia, USA},
 doi = {http://doi.acm.org/10.1145/1183614.1183671},
 publisher = {ACM},
 address = {New York, NY, USA},
 }

@inproceedings{Bird2008FSE,
 author = {Bird, Christian and Pattison, David and D'Souza, Raissa and Filkov, Vladimir and Devanbu, Premkumar},
 title = {Latent social structure in open source projects},
 booktitle = {SIGSOFT '08/FSE-16: Proceedings of the 16th ACM SIGSOFT International Symposium on Foundations of software engineering},
 year = {2008},
 isbn = {978-1-59593-995-1},
 pages = {24--35},
 location = {Atlanta, Georgia},
 doi = {http://doi.acm.org/10.1145/1453101.1453107},
 publisher = {ACM},
 address = {New York, NY, USA},
 }


@inproceedings{Nagappan2008ICSE,
 author = {Nagappan, Nachiappan and Murphy, Brendan and Basili, Victor},
 title = {The influence of organizational structure on software quality: an empirical case study},
 booktitle = {ICSE '08: Proceedings of the 30th international conference on Software engineering},
 year = {2008},
 isbn = {978-1-60558-079-1},
 pages = {521--530},
 location = {Leipzig, Germany},
 doi = {http://doi.acm.org/10.1145/1368088.1368160},
 publisher = {ACM},
 address = {New York, NY, USA},
 }

@book{Creswell2009Sage,
  title={{Research design: Qualitative, quantitative, and mixed methods approaches}},
  author={Creswell, J.W.},
  isbn={141296556X},
  year={2009},
  publisher={Sage Publications, Inc.}
}

@article{Corbin1990QS,
  title={{Grounded theory research: Procedures, canons, and evaluative criteria}},
  author={Corbin, J.M. and Strauss, A.},
  journal={Qualitative sociology},
  volume={13},
  number={1},
  pages={3--21},
  issn={0162-0436},
  year={1990},
  publisher={Springer}
}

@incollection{Mockus2008Springer,
   author = {Mockus, Audris},
   affiliation = {Avaya Labs Research Software Technology Research Department 07920 Basking Ridge NJ USA},
   title = {Missing Data in Software Engineering},
   booktitle = {Guide to Advanced Empirical Software Engineering},
   editor = {Shull, Forrest and Singer, Janice and Sjøberg, Dag I. K.},
   publisher = {Springer},
   keyword = {Computer Science},
   pages = {185-200},
   year = {2008}
}

@inproceedings{Matthias2001ICSE,
 author = {Matthias M. Muller and Walter F. Tichy},
 title = {Case study: extreme programming in a university environment},
 booktitle = {ICSE: Proceedings of the 23rd International Conference on Software Engineering},
 year = {2001},
 isbn = {0-7695-1050-7},
 pages = {537--544},
 location = {Toronto, Ontario, Canada},
 publisher = {IEEE Computer Society},
 }

@article{Estublier2005TOSEM,
 author = {Estublier, Jacky and Leblang, David and Hoek, Andr\'{e} van der and Conradi, Reidar and Clemm, Geoffrey and Tichy, Walter and Wiborg-Weber, Darcy},
 title = {Impact of software engineering research on the practice of software configuration management},
 journal = {ACM Trans. Softw. Eng. Methodol.},
 volume = {14},
 number = {4},
 year = {2005},
 issn = {1049-331X},
 pages = {383--430},
 doi = {http://doi.acm.org/10.1145/1101815.1101817},
 publisher = {ACM},
 address = {New York, NY, USA},
 }

@article{delCastilloJSPI,
title = "Overdispersed and underdispersed Poisson generalizations",
journal = "Journal of Statistical Planning and Inference",
volume = "134",
number = "2",
pages = "486 - 500",
year = "2005",
note = "",
issn = "0378-3758",
doi = "DOI: 10.1016/j.jspi.2004.04.019",
url = "http://www.sciencedirect.com/science/article/B6V0M-4D1DH5G-2/2/ccb27fb61f8a9ec06eaef87d1de026c3",
author = "Joan del Castillo and Marta Pérez-Casany",
keywords = "Exponential models",
keywords = "Stochastic orders",
keywords = "Weighted distributions",
keywords = "Index of dispersion",
keywords = "Zero-inflated distributions"
}

@article{Heinzl2003CSDA,
title = "Pseudo R-squared measures for Poisson regression models with over- or underdispersion",
journal = "Computational Statistics \& Data Analysis",
volume = "44",
number = "1-2",
pages = "253 - 271",
year = "2003",
issn = "0167-9473",
doi = "DOI: 10.1016/S0167-9473(03)00062-8",
url = "http://www.sciencedirect.com/science/article/B6V8V-48CFGP7-1/2/74d6cfde064292421a82b4dce9eede4c",
author = {Harald Heinzl and Martina Mittlb\"{o}ck},
}

@article{Roundtable2009IEEE,
 author = {Godfrey, Michael W. and Hassan, Ahmed E. and Herbsleb, James and Murphy, Gail C. and Robillard, Martin and Devanbu, Prem and Mockus, Audris and Perry, Dewayne E. and Notkin, David},
 title = {Future of Mining Software Archives: A Roundtable},
 journal = {IEEE Softw.},
 volume = {26},
 number = {1},
 year = {2009},
 issn = {0740-7459},
 pages = {67--70},
 doi = {http://dx.doi.org/10.1109/MS.2009.10},
 publisher = {IEEE Computer Society},
 }

@misc{Hartill1998Email,
	author = {Rob Hartill},
	Month = {January},
	year = {1998},
	HowPublished = {Email},
	note = {\texttt{\url{http://mail-archives.apache.org/mod_mbox/httpd-dev/199801.mbox/\%3CPine.NEB.3.96.980108232055.19805A-100000@localhost\%3E}}}
}

@inproceedings{Weissgerber2008MSR,
 author = {Weissgerber, Peter and Neu, Daniel and Diehl, Stephan},
 title = {Small patches get in!},
 booktitle={MSR: In the Proceedings of the 5th IEEE International Working Conference on Mining Software Repositories},
 year = {2008},
 isbn = {978-1-60558-024-1},
 pages = {67--76},
 location = {Leipzig, Germany},
 doi = {http://doi.acm.org/10.1145/1370750.1370767},
 publisher = {ACM},
 }

@inproceedings{Hindle2008ICPC,
 author = {Hindle, Abram and Godfrey, Michael W. and Holt, Richard C.},
 title = {Reading Beside the Lines: Indentation as a Proxy for Complexity Metric},
 booktitle = {ICPC: Proceedings of the 16th IEEE International Conference on Program Comprehension},
 year = {2008},
 isbn = {978-0-7695-3176-2},
 pages = {133--142},
 doi = {http://dx.doi.org/10.1109/ICPC.2008.13},
 publisher = {IEEE Computer Society},
 }

@inproceedings{Hindle2012ICSE,
 author = {Hindle, Abram and Barr, Earl T. and Su, Zhendong and Gabel, Mark and Devanbu, Premkumar},
 title = {On the naturalness of software},
 booktitle = {Proceedings of the 2012 International Conference on Software Engineering},
 series = {ICSE 2012},
 year = {2012},
 location = {Zurich, Switzerland},
 pages = {837--847},
}

@article{Leszak2002JSS,
title = "Classification and evaluation of defects in a project retrospective",
journal = "Journal of Systems and Software",
volume = "61",
number = "3",
pages = "173 - 187",
year = "2002",
note = "",
issn = "0164-1212",
doi = "DOI: 10.1016/S0164-1212(01)00146-7",
url = "http://www.sciencedirect.com/science/article/B6V0N-44XTRRF-2/2/d94cf1f2e0df54aa9cbfbf878bf635dd",
author = "Marek Leszak and Dewayne E. Perry and Dieter Stoll",
keywords = "Root-cause analysis",
keywords = "Defect prevention",
keywords = "Software metrics",
keywords = "Project retrospective",
keywords = "Process improvement",
keywords = "Change management"
}

@inproceedings{Herraiz2007MSR,
 author     = {Israel Herraiz and Jesus M. Gonzalez-Barahona and Gregorio Robles},
 title      = {Towards a Theoretical Model for Software Growth},
 booktitle={MSR: Proceedings of the Fourth International Workshop on Mining Software Repositories},
 year       = {2007},
 pages      = {21--28},
 doi        = {http://dx.doi.org/10.1109/MSR.2007.31},
 location   = {Minneapolis, MN, USA},
 publisher  = {IEEE Computer Society}
}

@INPROCEEDINGS{German2005SM,
title={Measuring fine-grained change in software: towards modification-aware change metrics},
author={German, D.M. and Hindle, A.},
booktitle={Software Metrics, 2005. 11th IEEE International Symposium},
year={2005},
pages={10},
}

@article{Johnson2006IEP,
title = "Collaboration, peer review and open source software",
journal = "Information Economics and Policy",
volume = "18",
number = "4",
pages = "477 - 497",
year = "2006",
note = "",
issn = "0167-6245",
doi = "DOI: 10.1016/j.infoecopol.2006.07.001",
url = "http://www.sciencedirect.com/science/article/B6V8J-4KXWJMB-1/2/31c2a0921af61d4d684304ad251fe7eb",
author = "Justin P. Johnson",
keywords = "Open source software",
keywords = "Transactions costs",
keywords = "Authority",
keywords = "Peer review",
keywords = "Career concerns"
}


@article{Jeong2009ROSAEC,
author = {Gaeul Jeong and Sunghun Kim and Thomas Zimmermann and Kwangkeun Yi},
title = {Improving Code Review by Predicting Reviewers and Acceptance of Patches},
institution = {Research On Software Analysis for Error-free Computing Center, Seoul National University},
type = {Technical Memorandum},
number = {ROSAEC-2009-006},
year = {2009},
category = {tech-memo},
format = {pdf},
location = {file}
} 

@misc{berkus2007tos,
	Author = {Josh Berkus},
	Note = {\url{http://www.powerpostgresql.com/5\_types}},
	Title = {The 5 Types of Open Source Projects},
	Year = {2007}}


@book{Glaser1998SPMV,
  title={{Doing grounded theory: Issues and discussions}},
  author={Glaser, B.G.},
  year={1998},
  publisher={Sociology Press Mill Valley, CA}
}

@inproceedings{Rastkar2011ICSM,
  title={Generating natural language summaries for crosscutting source code concerns},
  author={Rastkar, S. and Murphy, G.C. and Bradley, A.W.J.},
  booktitle={Proceedings of the 27th IEEE International Conference on Software Maintenance},
  pages={103--112},
  year={2011},
  organization={IEEE}
}

@inproceedings{Fisher2006CSCW,
 author = {Danyel Fisher and A. J. Brush and Eric Gleave and Marc A. Smith},
 title = {{Revisiting Whittaker \& Sidner's ``email overload" ten years later}},
 booktitle = {CSCW: Proceedings of Computer Supported Cooperative Work},
 year = {2006},
 isbn = {1-59593-249-6},
 pages = {309--312},
 location = {Banff, Alberta, Canada},
 doi = {http://doi.acm.org/10.1145/1180875.1180922},
 publisher = {ACM Press},
}
 address = {New York, NY, USA},

@inproceedings{Yamauchi2000CSCW,
 author = {Yutaka Yamauchi and Makoto Yokozawa and Takeshi Shinohara and Toru Ishida},
 title = {Collaboration with Lean Media: how open-source software succeeds},
 booktitle = {CSCW: Proceedings of Computer Supported Cooperative Work},
 year = {2000},
 isbn = {1-58113-222-0},
 pages = {329--338},
 location = {Philadelphia, Pennsylvania, United States},
 doi = {http://doi.acm.org/10.1145/358916.359004},
 publisher = {ACM Press},
}

@phdthesis{SpaethDisertation,
  title={{Coordination in Open Source Projects}},
  author={Spaeth, S.},
  school={University of St. Gallen}
}

@article{Weiss2006OSS,
  title={{Evolution of Open Source Communities}},
  author={Weiss, M. and Moroiu, G. and Zhao, P.},
  journal={Open Source Systems, IFIP},
  volume={203},
  pages={21--32},
  publisher={Springer},
  year={2006}
}

@article{Healy2003Unpublished,
  title={{The Ecology of Open-Source Software Development}},
  author={Healy, K. and Schussman, A.}
}

@article{Gallivan2001ISJ,
  title={{Striking a balance between trust and control in a virtual organization: a content analysis of open source software case studies}},
  author={Gallivan, M.J.},
  journal={Information Systems Journal},
  volume={11},
  number={4},
  pages={277--304},
  year={2001},
  publisher={Blackwell Synergy}
}

@article{vonKrogh2003RP,
  title={{Community, joining, and specialization in open source software innovation: a case study}},
  author={von Krogh, G. and Spaeth, S. and Lakhani, K.R.},
  journal={Research Policy},
  volume={32},
  number={7},
  pages={1217--1241},
  year={2003},
  publisher={Elsevier}
}

@article{Bartlett2001ITLPJ,
  title={{Organizational research: Determining appropriate sample size in survey research}},
  author={Bartlett, J.E. and Kotrlik, JW and Higgins, C.C.},
  journal={Information Technology, Learning, and Performance Journal},
  volume={19},
  number={1},
  pages={43--50},
  year={2001}
}

@article{Stamelos2002ISJ,
  title={{Code quality analysis in open source software development}},
  author={Stamelos, I. and Angelis, L. and Oikonomou, A. and Bleris, G.L.},
  journal={Information Systems Journal},
  volume={12},
  number={1},
  pages={43--60},
  year={2002},
  publisher={Blackwell Synergy}
}

@inproceedings{Nakakoji2002IWPSE,
 author = {Kumiyo Nakakoji and Yasuhiro Yamamoto and Yoshiyuki Nishinaka and Kouichi Kishida and Yunwen Ye},
 title = {Evolution patterns of open-source software systems and communities},
 booktitle = {IWPSE: Proceedings of the International Workshop on Principles of Software Evolution},
 year = {2002},
 isbn = {1-58113-545-9},
 pages = {76--85},
 location = {Orlando, Florida},
 doi = {http://doi.acm.org/10.1145/512035.512055},
 publisher = {ACM Press},
 }

@inproceedings{Bird2007MSR,
 author = {Christian Bird and Alex Gourley and Prem Devanbu and Anand Swaminathan and Greta Hsu},
 title = {Open Borders? Immigration in Open Source Projects},
 booktitle={MSR: Proceedings of the Fourth International Workshop on Mining Software Repositories},
 year = {2007},
 pages = {8},
 publisher = {IEEE Computer Society},
 }


@inproceedings{Mockus2002ICSE,
 author = {Audris Mockus and James D. Herbsleb},
 title = {Expertise browser: a quantitative approach to identifying expertise},
 booktitle = {ICSE: Proceedings of the 24th International Conference on Software Engineering},
 year = {2002},
 isbn = {1-58113-472-X},
 pages = {503--512},
 location = {Orlando, Florida},
 doi = {http://doi.acm.org/10.1145/581339.581401},
 publisher = {ACM Press},
 }

@article{Faraj2000MS,
  title={{Coordinating Expertise in Software Development Teams}},
  author={Faraj, S. and Sproull, L.},
  journal={Management Science},
  volume={46},
  number={12},
  pages={1554--1568},
  year={2000},
  publisher={JSTOR}
}

@article{Mitzenmacher2203IM,
  title={{A Brief History of Generative Models for Power Law and Lognormal Distributions}},
  author={Mitzenmacher, M.},
  journal={Internet Mathematics},
  year={2003},
  volume={1},
  number={2},
  pages={226--251}
}

@inproceedings{Sandusky2005SGW,
 author = {Robert J. Sandusky and Les Gasser},
 title = {Negotiation and the coordination of information and activity in distributed software problem management},
 booktitle = {GROUP '05: Proceedings of the 2005 international ACM SIGGROUP conference on Supporting group work},
 year = {2005},
 isbn = {1-59593-223-2},
 pages = {187--196},
 location = {Sanibel Island, Florida, USA},
 doi = {http://doi.acm.org/10.1145/1099203.1099238},
 publisher = {ACM},
 address = {New York, NY, USA},
}


@inproceedings{Koponen2005WOSSE,
 author = {Timo Koponen and Virpi Hotti},
 title = {Open source software maintenance process framework},
 booktitle = {5-WOSSE: Proceedings of the fifth workshop on Open source software engineering},
 year = {2005},
 isbn = {1-59593-127-9},
 pages = {1--5},
 location = {St. Louis, Missouri},
 doi = {http://doi.acm.org/10.1145/1083258.1083265},
 publisher = {ACM},
 address = {New York, NY, USA},
}

@inproceedings{Jensen2007ICSE,
 author = {Chris Jensen and Walt Scacchi},
 title = {{Role Migration and Advancement Processes in OSSD Projects: A Comparative Case Study}},
 booktitle = {ICSE '07: Proceedings of the 29th International Conference on Software Engineering},
 year = {2007},
 isbn = {0-7695-2828-7},
 pages = {364--374},
 doi = {http://dx.doi.org/10.1109/ICSE.2007.74},
 publisher = {IEEE Computer Society},
 address = {Washington, DC, USA},
}

@inproceedings{Stewart2005WOSSE,
 author = {Katherine J. Stewart and David P. Darcy and Sherae L. Daniel},
 title = {Observations on patterns of development in open source software projects},
 booktitle = {5-WOSSE: Proceedings of the fifth workshop on Open source software engineering},
 year = {2005},
 isbn = {1-59593-127-9},
 pages = {1--5},
 location = {St. Louis, Missouri},
 doi = {http://doi.acm.org/10.1145/1083258.1083272},
 publisher = {ACM},
 address = {New York, NY, USA},
}

@inproceedings{Reagle2007WS,
 author = {Joseph M. Reagle, Jr.},
 title = {Do as I do: authorial leadership in wikipedia},
 booktitle = {WikiSym '07: Proceedings of the 2007 international symposium on Wikis},
 year = {2007},
 isbn = {978-1-59593-861-9},
 pages = {143--156},
 location = {Montreal, Quebec, Canada},
 doi = {http://doi.acm.org/10.1145/1296951.1296967},
 publisher = {ACM},
 address = {New York, NY, USA},
}

@inproceedings{Li2006CPR,
 author = {Yan Li and Chuan-Hoo Tan and Hock-Hai Teo and A. Talib Mattar},
 title = {Motivating open source software developers: influence of transformational and transactional leaderships},
 booktitle = {SIGMIS CPR '06: Proceedings of the 2006 ACM SIGMIS CPR conference on computer personnel research},
 year = {2006},
 isbn = {1-59593-349-2},
 pages = {34--43},
 location = {Claremont, California, USA},
 doi = {http://doi.acm.org/10.1145/1125170.1125182},
 publisher = {ACM},
 address = {New York, NY, USA},
}

@inproceedings{Nagappan2005ICSE,
 author = {Nagappan, Nachiappan and Ball, Thomas},
 title = {Use of relative code churn measures to predict system defect density},
 booktitle = {Proceedings of the 27th International Conference on Software engineering},
 series = {ICSE '05},
 year = {2005},
 pages = {284--292},
 publisher = {ACM},
} 

@article{Khomh2011ESE,
  title={An exploratory study of the impact of antipatterns on class change-and fault-proneness},
  author={Khomh, F. and Penta, M.D. and Gu{\'e}h{\'e}neuc, Y.G. and Antoniol, G.},
  journal={Empirical Software Engineering},
  volume={17},
  number={3},
  pages={243--275},
  year={2012},
  publisher={Springer}
}

@inproceedings{Kim2007ICSE,
  title={Predicting faults from cached history},
  author={Kim, S. and Zimmermann, T. and Whitehead, E.J. and Zeller, A.},
  booktitle={Proceedings of the 29th International Conference on Software Engineering},
  pages={489--498},
  year={2007},
  organization={IEEE}
}

@inproceedings{Hassan2009ICSE,
 author = {Hassan, Ahmed E.},
 title = {Predicting faults using the complexity of code changes},
 booktitle = {Proceedings of the 31st International Conference on Software Engineering},
 series = {ICSE '09},
 year = {2009},
 pages = {78--88},
}

@article{Kpodjedo2011ESE,
  title={Design evolution metrics for defect prediction in object oriented systems},
  author={Kpodjedo, S. and Ricca, F. and Galinier, P. and Gu{\'e}h{\'e}neuc, Y.G. and Antoniol, G.},
  journal={Empirical Software Engineering},
  volume={16},
  number={1},
  pages={141--175},
  year={2011},
  publisher={Springer}
}

@inproceedings{Hassan2005ICSM,
  title={The top ten list: Dynamic fault prediction},
  author={Hassan, A.E. and Holt, R.C.},
  booktitle={Proceedings of the 21st IEEE International Conference on Software Maintenance},
  pages={263--272},
  year={2005},
  organization={IEEE}
}

@article{Ostrand2005TSE,
 author = {Ostrand, Thomas J. and Weyuker, Elaine J. and Bell, Robert M.},
 title = {Predicting the Location and Number of Faults in Large Software Systems},
 journal = {IEEE Transactions Software Engineering},
 issue_date = {April 2005},
 volume = {31},
 number = {4},
 month = apr,
 year = {2005},
 pages = {340--355},
}

@article{Graves2000IEEE,
 author = {Todd L. Graves and Alan F. Karr and J. S. Marron and Harvey Siy},
 title = {Predicting Fault Incidence Using Software Change History},
 journal = {IEEE Transactions on Software Engineering},
 volume = {26},
 number = {7},
 year = {2000},
 issn = {0098-5589},
 pages = {653--661},
 doi = {http://dx.doi.org/10.1109/32.859533},
 publisher = {IEEE Press},
 address = {Piscataway, NJ, USA},
}

@inproceedings{Rigby2007MSR,
 author = {Peter C. Rigby and Ahmed E. Hassan},
 title = {What Can OSS Mailing Lists Tell Us? A Preliminary Psychometric Text Analysis of the Apache Developer Mailing List},
 booktitle = {MSR '07: Proceedings of the Fourth International Workshop on Mining Software Repositories},
 year = {2007},
 isbn = {0-7695-2950-X},
 pages = {23},
 doi = {http://dx.doi.org/10.1109/MSR.2007.35},
 publisher = {IEEE Computer Society},
}

@article{German2006ESE,
  title={{An empirical study of fine-grained software modifications}},
  author={German, D.M.},
  journal={Empirical Software Engineering},
  volume={11},
  number={3},
  pages={369--393},
  year={2006},
  publisher={Springer}
}

@book{Hine2000Sage,
  title={{Virtual Ethnography}},
  author={Hine, C.},
  year={2000},
  publisher={Sage Publications Inc}
}

@article{Diehl2005MSR,
 author = {Stephan Diehl and Ahmed E. Hassan and Richard C. Holt},
 title = {{Report on MSR 2005: International Workshop on Mining Software Repositories}},
 journal = {SIGSOFT Software Engineering Notes},
 volume = {30},
 number = {5},
 year = {2005},
 issn = {0163-5948},
 pages = {1--3},
 doi = {http://doi.acm.org/10.1145/1095430.1095433},
 publisher = {ACM},
 address = {New York, NY, USA},
}


@Misc{TCPS,
  author = 	 {{Tri-Council Policy Canada}},
  title = 	 {{Ethical Conduct for Research Involving Humans}},
  howpublished = {\url{http://www.pre.ethics.gc.ca/english/pdf/TCPS October 2005_E.pdf}},
  year = 	 {2005},
}

@inproceedings{Theunissen2005SAICSIT,
 author = {W. H. Morkel Theunissen and Andrew Boake and Derrick G. Kourie},
 title = {{In search of the sweet spot: agile open collaborative corporate software development}},
 booktitle = {SAICSIT '05: Proceedings of the 2005 annual research conference of the South African institute of computer scientists and information technologists on IT research in developing countries},
 year = {2005},
 isbn = {1-59593-258-5},
 pages = {268--277},
 location = {White River, South Africa},
 publisher = {South African Institute for Computer Scientists and Information Technologists},
 address = {, Republic of South Africa},
}

@article{Kennedy1981AER,
  title={Estimation with correctly interpreted dummy variables in semilogarithmic equations},
  author={Kennedy, P.E.},
  journal={American Economic Review},
  volume={71},
  number={4},
  pages={801},
  year={1981},
  publisher={JSTOR}
}

@inproceedings{Crowston2003ICIS,
	Author = {Kevin Crowston and Hala Annabi and James Howison},
	Booktitle = {ICIS: Proceedings of International Conference on Information Systems},
	Title = {Defining Open Source Software Project Success},
	Year = {2003} 
}

@article{Northover2006LNCS,
  title={{Karl Popper's critical rationalism in agile software development}},
  author={Northover, M. and Boake, A. and Kourie, D.G.},
  journal={LECTURE NOTES IN COMPUTER SCIENCE},
  volume={4068},
  pages={360},
  year={2006},
  publisher={Springer}
}

@misc{Robbins2002CS,
  author = "Jason E. Robbins",
  title = "Adopting OSS Methods by Adopting OSS Tools",
  url = "citeseer.ist.psu.edu/robbins02adopting.html",
  year = {2002}
}

@inproceedings{Koru2007WPRMS,
 author = {A. Gunes Koru and Dongsong Zhang and Hongfang Liu},
 title = {{Modeling the Effect of Size on Defect Proneness for Open-Source Software}},
 booktitle = {PROMISE '07: Proceedings of the Third International Workshop on Predictor Models in Software Engineering},
 year = {2007},
 isbn = {0-7695-2954-2},
 pages = {10},
 doi = {http://dx.doi.org/10.1109/PROMISE.2007.9},
 publisher = {IEEE Computer Society},
 address = {Washington, DC, USA},
}

@article{Fitzgerald2005HICSS,
  title={{The Mysteries of Open Source Software: Black and White and Red All Over?}},
  author={Fitzgerald, B. and Agerfalk, PJ},
  journal={System Sciences, 2005. HICSS'05. Proceedings of the 38th Annual Hawaii International Conference on},
  pages={196a--196a},
  year={2005}
}

@article{Wang2005MLC,
  title={{Motivations of Individuals and Firms Participating in Open Source Community}},
  author={Wang, F.R. and He, D. and Chen, J.},
  journal={Machine Learning and Cybernetics, 2005. Proceedings of 2005 International Conference on},
  volume={1},
  year={2005}
}

@article{Samoladas2004ACM,
 author = {Ioannis Samoladas and Ioannis Stamelos and Lefteris Angelis and Apostolos Oikonomou},
 title = {{Open source software development should strive for even greater code maintainability}},
 journal = {Commun. ACM},
 volume = {47},
 number = {10},
 year = {2004},
 issn = {0001-0782},
 pages = {83--87},
 doi = {http://doi.acm.org/10.1145/1022594.1022598},
 publisher = {ACM},
 address = {New York, NY, USA},
}

@article{Wahyudin2007SEAA,
  title={Aspects of Software Quality Assurance in Open Source Software Projects: Two Case Studies from Apache Project},
  author={Wahyudin, D. and Schatten, A. and Winkler, D. and Biffl, S.},
  journal={Software Engineering and Advanced Applications, 2007. 33rd EUROMICRO Conference on},
  pages={229--236},
  year={2007}
}

@book{Crawley2005JWS,
  title={{Statistics: An Introduction Using R}},
  author={Crawley, M.J.},
  year={2005},
  publisher={John Wiley and Sons}
}

@book{Humphrey1989AW,
  title={Managing the software process},
  author={Humphrey, W.S.},
  year={1989},
  publisher={Addison-Wesley Longman Publishing Co., Inc. Boston, MA, USA}
}

@book{Gilb1993AW,
  title={Software Inspection},
  author={Gilb, T. and Graham, D. and Finzi, S.},
  year={1993},
  publisher={Addison-Wesley Longman Publishing Co., Inc. Boston, MA, USA}
}

@inproceedings{Siy2001SM,
    author = "Harvey P. Siy and Lawrence G. Votta",
    title = {Does the Modern Code Inspection Have Value?},
    booktitle = "{Proceedings of the International Conference on Software Maintenance}",
    pages = "281-289",
    year = "2001",
    publisher={IEEE Computer Society}
}

@article{Thelin2003IEEE,
  title={An experimental comparison of usage-based and checklist-based reading},
  author={Thelin, T. and Runeson, P. and Wohlin, C.},
  journal={Software Engineering, IEEE Transactions on},
  volume={29},
  number={8},
  pages={687--704},
  year={2003}
}

@article{Dunsmore2003IEEE,
 author = {Alastair Dunsmore and Marc Roper and Murray Wood},
 title = {{The Development and Evaluation of Three Diverse Techniques for Object-Oriented Code Inspection}},
 journal = {IEEE Trans. Softw. Eng.},
 volume = {29},
 number = {8},
 year = {2003},
 issn = {0098-5589},
 pages = {677--686},
 doi = {http://dx.doi.org/10.1109/TSE.2003.1223643},
 publisher = {IEEE Press},
 address = {Piscataway, NJ, USA},
}

@inproceedings{Rainer2005REBSE,
 author = {Austen Rainer and Dorota Jagielska and Tracy Hall},
 title = {Software engineering practice versus evidence-based software engineering research},
 booktitle = {REBSE '05: Proceedings of the 2005 workshop on Realising evidence-based software engineering},
 year = {2005},
 isbn = {1-59593-121-X},
 pages = {1--5},
 location = {St. Louis, Missouri},
 doi = {http://doi.acm.org/10.1145/1083174.1083177},
 publisher = {ACM Press},
 address = {New York, NY, USA},
}

@article{Aurum2005JRPIT,
  title={Increasing the Understanding of Effectiveness in Software Inspections Using Published Data Sets},
  author={Aurum, A. and Wohlin, C. and Petersson, H.},
  journal={Journal of Research and Practice in Information Technology},
  volume={37},
  number={3},
  pages={253--266},
  year={2005}
}

@article{Kelly2004STVR,
  title={Eight maxims for software inspectors},
  author={Kelly, D. and Shepard, T.},
  journal={Software Testing Verification and Reliability},
  volume={14},
  number={4},
  pages={243--256},
  year={2004}
}

@article{Tomayko2002CSE,
  title={A Comparison of Pair Programming to Inspections for Software Defect Reduction},
  author={Tomayko, J.E.},
  journal={Computer Science Education},
  volume={12},
  number={3},
  pages={213--222},
  year={2002},
  publisher={Taylor \& Francis}
}

@article{Mishra2007IETS,
  title={Efficient software review process for small and medium enterprises},
  author={Mishra, D. and Mishra, A.},
  journal={Software, IET},
  volume={1},
  number={4},
  pages={132--142},
  year={2007}
}

@article{Kollanus2006LNCS,
  title={Software Inspections in Practice: Six Case Studies},
  author={Kollanus, S. and Koskinen, J.},
  journal={LECTURE NOTES IN COMPUTER SCIENCE},
  volume={4034},
  pages={377},
  year={2006},
  publisher={Springer}
}

@book{Csikszentmihalyi1990Book,
  title={{Flow: The Psychology of Optimal Experience}},
  author={Csikszentmihalyi, M.},
  year={1990},
  publisher={Harper \& Row}
}

@article{Lehman1980IEEE,
  title={Programs, life cycles, and laws of software evolution},
  author={Lehman, MM},
  journal={Proceedings of the IEEE},
  volume={68},
  number={9},
  pages={1060--1076},
  year={1980}
}

@article{Fitzgerald2004Computer,
 author = {Brian Fitzgerald},
 title = {A Critical Look at Open Source},
 journal = {Computer},
 volume = {37},
 number = {7},
 year = {2004},
 issn = {0018-9162},
 pages = {92--94},
 doi = {http://dx.doi.org/10.1109/MC.2004.38},
 publisher = {IEEE Computer Society Press},
 address = {Los Alamitos, CA, USA},
 }

@article{Payne2002ISJ,
author = {Payne,Christian},
title = {On the security of open source software},
journal = {Information Systems Journal},
volume = {12},
number = {1},
pages = {61-78},
year = {2002},
doi = {10.1046/j.1365-2575.2002.00118.x},
URL = {http://www.blackwell-synergy.com/doi/abs/10.1046/j.1365-2575.2002.00118.x},
eprint = {http://www.blackwell-synergy.com/doi/pdf/10.1046/j.1365-2575.2002.00118.x}
}

@article{Morera1998BHDP,
  title={{A Psychometric Analysis of the Divide-and-Conquer Principle in Multicriteria Decision Making}},
  author={Morera, O.F. and Budescu, D.V.},
  journal={Organizational Behavior and Human Decision Processes},
  volume={75},
  number={3},
  pages={187--206},
  year={1998},
  publisher={Elsevier}
}

@Book{Cohen2006CR,
  author = 	 {Jason Cohen},
  title = 	 {Best Kept Secrets of Peer Code Review},
  publisher = 	 {Smart Bear Inc.},
  year = 	 {2006},
  pages = {63--88}
}

@article{Fielding1997IEEE,
 author = {Roy T. Fielding and Gail Kaiser},
 title = {{The Apache HTTP Server Project}},
 journal = {IEEE Internet Computing},
 volume = {1},
 number = {4},
 year = {1997},
 issn = {1089-7801},
 pages = {88--90},
 doi = {http://dx.doi.org/10.1109/4236.612229},
 publisher = {IEEE Educational Activities Department},
 address = {Piscataway, NJ, USA},
}

@inproceedings{Bird2007MSRa,
  title={Detecting Patch Submission and Acceptance in OSS Projects},
  author={Bird, C. and Gourley, A. and Devanbu, P.},
  booktitle={MSR: Proceedings of the Fourth International Workshop on Mining Software Repositories},
  year={2007},
  pages={4},
  publisher = {IEEE Computer Society},
}

@article{Weller1994Computer,
 author = {Edward F. Weller},
 title = {Using metrics to manage software projects},
 journal = {Computer},
 volume = {27},
 number = {9},
 year = {1994},
 issn = {0018-9162},
 pages = {27--33},
 doi = {http://dx.doi.org/10.1109/2.312035},
 publisher = {IEEE Computer Society Press},
 address = {Los Alamitos, CA, USA},
}

@Book{Yin2003bSage,
  author = 	 {Robert K. Yin},
  title = 	 {Applications of Case Study Research},
  publisher = 	 {Sage Publications Inc.},
  year = 	 {2003},
  volume = 	 {34},
  series = 	 {Applied Social Research Methods Series},
  OPTaddress = 	 {Thousand Oaks, California},
  edition = 	 {2},
}

@Book{Yin2003Sage,
  author = 	 {Robert K. Yin},
  title = 	 {Case Study Research: Design and Methods},
  publisher = 	 {Sage Publications Inc.},
  year = 	 {2003},
  volume = 	 {5},
  series = 	 {Applied Social Research Methods Series},
  OPTaddress = 	 {Thousand Oaks, California},
  edition = 	 {3},
}

@Book{Yin1994Sage,
  author = 	 {Robert K. Yin},
  title = 	 {Case Study Research: Design and Methods},
  publisher = 	 {Sage Publications Inc.},
  year = 	 {1994},
  volume = 	 {5},
  series = 	 {Applied Social Research Methods Series},
  OPTaddress = 	 {Thousand Oaks, California},
  edition = 	 {2},
}

@ARTICLE{Boehm1984TSE,
author={Boehm, Barry W.},
journal={Software Engineering, IEEE Transactions on}, title={Software Engineering Economics},
year={1984},
month=jan. ,
volume={SE-10},
number={1},
pages={4 -21}
}

@conference{Kelly2000CAS,
  title={{Task-directed software inspection technique: an experiment and case study}},
  author={Kelly, D. and Shepard, T.},
  booktitle={Proceedings of the 2000 conference of the Centre for Advanced Studies on Collaborative research},
  pages={6},
  year={2000},
  organization={IBM Press}
}

@article{Sabaliauskaite2003IST,
  title={{Further investigations of reading techniques for object-oriented design inspection}},
  author={Sabaliauskaite, G. and Matsukawa, F. and Kusumoto, S. and Inoue, K.},
  journal={Information and Software Technology},
  volume={45},
  number={9},
  pages={571--585},
  issn={0950-5849},
  year={2003},
  publisher={Elsevier}
}

@article{Basili1996ESE,
  title={{The empirical investigation of perspective-based reading}},
  author={Basili, V.R. and Green, S. and Laitenberger, O. and Lanubile, F. and Shull, F. and S{\o}rumg{\aa}rd, S. and Zelkowitz, M.V.},
  journal={Empirical Software Engineering},
  volume={1},
  number={2},
  pages={133--164},
  issn={1382-3256},
  year={1996},
  publisher={Springer}
}

@article{Porter1998ESE,
  title={{Comparing detection methods for software requirements inspections: A replication using professional subjects}},
  author={Porter, A. and Votta, L.},
  journal={Empirical Software Engineering},
  volume={3},
  number={4},
  pages={355--379},
  issn={1382-3256},
  year={1998},
  publisher={Springer}
}

@article{Porter1998ACM,
 author = {Adam Porter and Harvey Siy and Audris Mockus and Lawrence Votta},
 title = {Understanding the sources of variation in software inspections},
 journal = {ACM Transactions Software Engineering Methodology},
 volume = {7},
 number = {1},
 year = {1998},
 pages = {41--79},
 }
 
 @article{Mockus2000ICSE,
  title={A Case Study of Open Source Software Development: The Apache Server},
  author={Mockus, A. and Fielding, R.T. and Herbsleb, J.},
  journal={ICSE: Proceedings of the 22nd international conference on Software Engineering},
  pages={262--273},
  year={2000}
}

@inproceedings{Lakani2005MIT,
 author = {K. Lakhani and R. Wolf},
 title = {{Why Hackers Do What They Do: Understanding Motivation and Effort in Free/Open Source Software Projects}},
 booktitle = {Perspectives on Free and Open Source Software},
 year = {2005},
 pages = {1--27},
 publisher = {MIT Press},
 URL = {http://freesoftware.mit.edu/papers/lakhaniwolf.pdf}
 }

@article{Laitenberger2000SS,
  title={{An encompassing life cycle centric survey of software inspection}},
  author={Laitenberger, O. and DeBaud, J.M.},
  journal={Journal of Systems and Software},
  volume={50},
  number={1},
  pages={5--31},
  issn={0164-1212},
  year={2000},
  publisher={Elsevier}
}

@Manual{Bull1997Man,
  title = 	 {Inspection Process Assistant: User Guide V 3.0},
  author = 	 {Bull, S.A.},
  year = 	 {1997}
}

@InProceedings{IniestaSQM,
  title={A Set of Metrics to Support Technical Reviews},
  author={Iniesta, JB},
  booktitle={In proceedings of the Second International Conference on Software Quality Management},
  volume={1},
  pages={579--594},
  year = {1994}
}

@article{Barnard1990ATT,
  title={COMPAS: A development-process support system.},
  author={Barnard, HJ and Collicott, RB},
  journal={AT \& T TECH. J.},
  volume={69},
  number={2},
  pages={52--64},
  year={1990}
}

@inproceedings{Asundi2007HICSS,
author={Jai Asundi and Rajiv Jayant},
booktitle={HICSS: Proceedings of the 40th Annual Hawaii International Conference on System Sciences}, 
title={Patch Review Processes in Open Source Software Development Communities: A Comparative Case Study},
year={2007},
pages={10}, 
}


@article{Martin1990ACM,
 author = {Johnny Martin and W. T. Tsai},
 title = {{N-Fold inspection: a requirements analysis technique}},
 journal = {ACM Communications},
 volume = {33},
 number = {2},
 year = {1990},
 issn = {0001-0782},
 pages = {225--232},
 doi = {http://doi.acm.org/10.1145/75577.75587},
 publisher = {ACM Press},
 address = {New York, NY, USA},
 }

@article{Knight1993ACM,
 author = {John C. Knight and E. Ann Myers},
 title = {An improved inspection technique},
 journal = {ACM Communications},
 volume = {36},
 number = {11},
 year = {1993},
 issn = {0001-0782},
 pages = {51--61},
 doi = {http://doi.acm.org/10.1145/163359.163366},
 publisher = {ACM Press},
 address = {New York, NY, USA},
 }

@article{Sauer2000IEEE,
 author = {Chris Sauer and D. Ross Jeffery and Lesley Land and Philip Yetton},
 title = {{The Effectiveness of Software Development Technical Reviews: A Behaviorally Motivated Program of Research}},
 journal = {IEEE Transactions Software Engineering},
 volume = {26},
 number = {1},
 year = {2000},
 issn = {0098-5589},
 pages = {1--14},
 doi = {http://dx.doi.org/10.1109/32.825763},
 publisher = {IEEE Press},
 address = {Piscataway, NJ, USA},
 }

@conference{German2006MSR,
  title={{A study of the contributors of PostgreSQL}},
  author={German, D.M.},
 booktitle={MSR: Proceedings of the Third International Workshop on Mining Software Repositories},
  pages={163--164},
  isbn={1595933972},
  year={2006},
  organization={ACM Press}
}

@inproceedings{German2006MSRa,
 author = {Daniel M. German and Peter C. Rigby and Margaret-Anne Storey},
 title = {Using evolutionary annotations from change logs to enhance program comprehension},
 booktitle = {MSR '06: Proceedings of the 2006 international workshop on Mining software repositories},
 year = {2006},
 isbn = {1-59593-397-2},
 pages = {159--162},
 location = {Shanghai, China},
 doi = {http://doi.acm.org/10.1145/1137983.1138020},
 publisher = {ACM Press},
 address = {New York, NY, USA},
}

@book{Fogel2005OReilly,
  title={{Producing Open Source Software}},
  author={Fogel, K.},
  year={2005},
  publisher={O'Reilly}
}
http://producingoss.com/en/setting-tone.html#code-review
http://producingoss.com/en/common-pitfalls.html#noisy-minority

@InProceedings{Li2006JASID,
  title={{Have Things Changed Now? An Empirical Study of Bug Characteristics in Modern Open Source Software}},
  author={Zhenmin Li and Lin Tan and Xuanhui Wang and Shan Lu and Yuanyuan Zhou and Chengxiang Zhai},
  booktitle = {In proceedings of ASID 2006},
  pages={1--9},
  year={2006},
  publisher={ACM}
}

@book{Parkinson,
  title={{Parkinson's Law: The Pursuit of Progress}},
  author={C. Northcote Parkinson},
  year={1958},
  publisher={John Murray} 
}

@Misc{Rigby2011Dissertation,
  author = 	"Peter C. Rigby",
  title = 	"{{Understanding Open Source Software Peer Review: Review Processes, Parameters and Statistical Models, and Underlying Behaviours and Mechanisms}}",
  howpublished = "\url{thechiselgroup.org/rigby-dissertation.pdf}",
  institution = "University of Victoria, Canada",
  year = 	"Dissertation, 2011",
}
howpublished = "Available at \url{http://thechiselgroup.org/rigby-dissertation.pdf}",

@TechReport{Rigby2006TR,
  author = 	"Peter C. Rigby and Daniel M. German",
  title = 	"{A preliminary examination of code review processes in open source projects}",
  institution = "University of Victoria",
  year = 	"2006",
  month = {January},
  number = 	"DCS-305-IR",
}

@Unpublished{Rigby2007UP,
  author = 	 {Peter C. Rigby and Daniel M. German and Margaret-Anne Storey},
  title = 	 {{Review early, Review often: A case study of Apache peer review}},
  note = 	 {Rejected from FSE},
  year = 	 {2007},
}

@inproceedings{Engler2001SOSP,
 author = {Dawson Engler and David Yu Chen and Seth Hallem and Andy Chou and Benjamin Chelf},
 title = {Bugs as deviant behavior: a general approach to inferring errors in systems code},
 booktitle = {Proc. of the 18th ACM symposium on Operating Systems Principles},
 year = {2001},
 isbn = {1-58113-389-8},
 pages = {57--72},
 location = {Banff, Alberta, Canada},
 doi = {http://doi.acm.org/10.1145/502034.502041},
 }

@article{Lee2003OS,
  title={{From a Firm-Based to a Community-Based Model of Knowledge Creation: The Case of the Linux Kernel Development}},
  author={Lee, G.K. and Cole, R.E.},
  journal={Organization Science},
  volume={14},
  number={6},
  pages={633--649},
  year={2003}
}

@article{Bisant1989IEEET,
  title={A Two-Person Inspection Method to Improve Programming Productivity},
  author={Bisant, DB and Lyle, JR},
  journal={IEEE Transactions on Software Engineering},
  volume={15},
  number={10},
  pages={1294--1304},
  year={1989}
}

@article{Buck1981IBMS,
  title={Indicators of quality inspections},
  author={Buck, FO},
  journal={IBM Syst. Commun. Division, Tech. Rep. TR},
  volume={21},
  year={1981}
}

@article{Fielding1999ACMC,
 author = {Roy T. Fielding},
 title = {Shared leadership in the Apache project},
 journal = {ACM Communications},
 volume = {42},
 number = {4},
 year = {1999},
 issn = {0001-0782},
 pages = {42--43},
 doi = {http://doi.acm.org/10.1145/299157.299167},
 publisher = {ACM Press},
 address = {New York, NY, USA},
 }

@inproceedings{Stark2002ECSQ,
  title={Peer Reviews as a Quality Management Technique in Open-Source Software Development Projects},
  author={Stark, J.},
  journal={European Conference on Software Quality},
  year={2002},
  publisher={Springer}
}

@article{Boulanger2005ibm,
  title={Open-source versus proprietary software: is one more reliable and secure than the other?},
  author={Boulanger, A.},
  journal={IBM Systems Journal},
  volume={44},
  number={2},
  pages={239--248},
  year={2005},
}

@conference{Bianchi2001SMS,
author={Bianchi, A. and Lanubile, F. and Visaggio, G.},
booktitle={Software Metrics Symposium, 2001. METRICS 2001. Proceedings. Seventh International}, title={A controlled experiment to assess the effectiveness of inspection meetings},
year={2001},
pages={42 -50}
}

@INPROCEEDINGS{dAstous2000ICSE,
author={d'Astous, P. and Robillard, P.N.},
booktitle={Software Engineering, 2000. Proceedings of the 2000 International Conference on}, title={Characterizing implicit information during peer review meetings},
year={2000},
pages={460 -466}
}

@article{Muller2005JSS,
  title={{Two controlled experiments concerning the comparison of pair programming to peer review}},
  author={M{\\"u}ller, M.M.},
  journal={Journal of Systems and Software},
  volume={78},
  number={2},
  pages={166--179},
  issn={0164-1212},
  year={2005},
  publisher={Elsevier}
}

@article{Muller2004ESE,
  title={{Are reviews an alternative to pair programming?}},
  author={M{\\"u}ller, M.M.},
  journal={Empirical Software Engineering},
  volume={9},
  number={4},
  pages={335--351},
  issn={1382-3256},
  year={2004},
  publisher={Springer}
}

@ARTICLE{Runeson2006IEES,
author={Runeson, P. and Andersson, C. and Thelin, T. and Andrews, A. and Berling, T.},
journal={Software, IEEE}, title={What do we know about defect detection methods? [software testing]},
year={2006},
month=may-june ,
volume={23},
number={3},
pages={82 -90}
}

@article{So2002STVR,
  title={{An empirical evaluation of six methods to detect faults in software}},
  author={So, S.S. and Cha, S.D. and Shimeall, T.J. and Kwon, Y.R.},
  journal={Software Testing, Verification and Reliability},
  volume={12},
  number={3},
  pages={155--171},
  issn={1099-1689},
  year={2002},
  publisher={John Wiley \& Sons}
}

@inproceedings{Jalote1998ICSE,
 author = {Jalote, Pankaj and Haragopal, M.},
 title = {Overcoming the NAH syndrome for inspection deployment},
 booktitle = {Proceedings of the 20th international conference on Software engineering},
 series = {ICSE '98},
 year = {1998},
 isbn = {0-8186-8368-6},
 location = {Kyoto, Japan},
 pages = {371--378},
 numpages = {8},
 url = {http://portal.acm.org/citation.cfm?id=302163.302200},
 acmid = {302200},
 publisher = {IEEE Computer Society},
 address = {Washington, DC, USA},
}

@ARTICLE{Basili1987TSE,
author={Basili, V.R. and Selby, R.W.},
journal={Software Engineering, IEEE Transactions on}, title={Comparing the Effectiveness of Software Testing Strategies},
year={1987},
month=dec.,
volume={SE-13},
number={12},
pages={ 1278 - 1296}
}

@article{deAlmeieda2003IEES,
  title={{Best practices in code inspection for safety-critical software}},
  author={de Almeida Jr, J.R. and others},
  journal={IEEE Software},
  pages={56--63},
  issn={0740-7459},
  year={2003},
  publisher={Published by the IEEE Computer Society}
}

@article{Mishra2007IET,
  title={{Efficient software review process for small and medium enterprises}},
  author={Mishra, D. and Mishra, A.},
  journal={IET software},
  volume={1},
  pages={132},
  year={2007}
}

@article{Thelin2004JSS,
  title={{Applying sampling to improve software inspections}},
  author={Thelin, T. and Petersson, H. and Runeson, P. and Wohlin, C.},
  journal={Journal of Systems and Software},
  volume={73},
  number={2},
  pages={257--269},
  issn={0164-1212},
  year={2004},
  publisher={Elsevier}
}

@inproceedings{Biffl2001ICSE,
 author = {Biffl, Stefan and Freimut, Bernd and Laitenberger, Oliver},
 title = {Investigating the cost-effectiveness of reinspections in software development},
 booktitle = {Proceedings of the 23rd International Conference on Software Engineering},
 series = {ICSE '01},
 year = {2001},
 isbn = {0-7695-1050-7},
 location = {Toronto, Ontario, Canada},
 pages = {155--164},
 numpages = {10},
 url = {http://portal.acm.org/citation.cfm?id=381473.381490},
 acmid = {381490},
 publisher = {IEEE Computer Society},
 address = {Washington, DC, USA},
}

@article{Land2000ESE,
  title={{The use of procedural roles in code inspections: an experimental study}},
  author={Land, L.P.W. and Sauer, C. and Jeffery, R.},
  journal={Empirical Software Engineering},
  volume={5},
  number={1},
  pages={11--34},
  issn={1382-3256},
  year={2000},
  publisher={Springer}
}

@ARTICLE{Seaman1998TSE,
author={Seaman, C.B. and Basili, V.R.},
journal={Software Engineering, IEEE Transactions on}, title={Communication and organization: an empirical study of discussion in inspection meetings},
year={1998},
month=jul,
volume={24},
number={7},
pages={559 -572}
}

@INPROCEEDINGS{Ebert2001ICSE,
author={Ebert, C. and Parro, C.H. and Suttels, R. and Kolarczyk, H.},
booktitle={Software Engineering, 2001. ICSE 2001. Proceedings of the 23rd International Conference on}, title={Improving validation activities in a global software development},
year={2001},
pages={ 545 - 554}
}

@ARTICLE{Kitchenham2002TSE,
author={Kitchenham, B.A. and Pfleeger, S.L. and Pickard, L.M. and Jones, P.W. and Hoaglin, D.C. and El Emam, K. and Rosenberg, J.},
journal={Software Engineering, IEEE Transactions on}, title={Preliminary guidelines for empirical research in software engineering},
year={2002},
month=aug,
volume={28},
number={8},
pages={ 721 - 734}
}

@article{Sabaliauskaite2004IST,
  title={{Assessing defect detection performance of interacting teams in object-oriented design inspection}},
  author={Sabaliauskaite, G. and Kusumoto, S. and Inoue, K.},
  journal={Information and Software Technology},
  volume={46},
  number={13},
  pages={875--886},
  issn={0950-5849},
  year={2004},
  publisher={Elsevier}
}

@ARTICLE{Porter1997TSE,
author={Porter, A.A. and Johnson, P.M.},
journal={Software Engineering, IEEE Transactions on}, title={Assessing software review meetings: results of a comparative analysis of two experimental studies},
year={1997},
month=mar,
volume={23},
number={3},
pages={129 -145}
}

@article{Porter1997IEEE,
  title={An experiment to assess the cost-benefits of code inspections inlarge scale software development},
  author={Porter, A and Siy, HP and Toman, CA and Votta, LG},
  journal={Software Engineering, IEEE Transactions on},
  volume={23},
  number={6},
  pages={329--346},
  year={1997}
}

@article{Perry2002IEEE,
  title={Reducing inspection interval in large-scale software development},
  author={Perry, DE and Porter, A. and Wade, MW and Votta, LG and Perpich, J.},
  journal={Software Engineering, IEEE Transactions on},
  volume={28},
  number={7},
  pages={695--705},
  year={2002}
}

@inproceedings{Porter1997ICSE,
 author = {Adam A. Porter and Harvey P. Siy and Lawrence G. Votta, Jr.},
 title = {Understanding the effects of developer activities on inspection interval},
 booktitle = {ICSE: Proceedings of the 19th International Conference on Software Engineering},
 year = {1997},
 isbn = {0-89791-914-9},
 pages = {128--138},
 doi = {http://doi.acm.org/10.1145/253228.253253},
}

@article{Votta1993SEN,
 author = {Lawrence G. Votta},
 title = {Does every inspection need a meeting?},
 journal = {SIGSOFT Softw. Eng. Notes},
 volume = {18},
 number = {5},
 year = {1993},
 issn = {0163-5948},
 pages = {107--114},
 doi = {http://doi.acm.org/10.1145/167049.167070},
 publisher = {ACM Press},
 address = {New York, NY, USA},
 }

@article{Johnson1998ACM,
 author = {Philip M. Johnson},
 title = {Reengineering inspection},
 journal = {ACM Communications},
 volume = {41},
 number = {2},
 year = {1998},
 issn = {0001-0782},
 pages = {49--52},
 doi = {http://doi.acm.org/10.1145/269012.269020},
 publisher = {ACM Press},
 address = {New York, NY, USA},
 }

@article{Lussier2004IEEE,
  title={New tricks: how open source changed the way my team works},
  author={Lussier, S.},
  journal={IEEE Software},
  volume={21},
  number={1},
  pages={68--72},
  year={2004}
}

@inproceedings{Bird2006MSR,
 author = {Christian Bird and Alex Gourley and Prem Devanbu and Michael Gertz and Anand Swaminathan},
 title = {Mining email social networks},
 booktitle={MSR: Proceedings of the Third International Workshop on Mining Software Repositories},
 year = {2006},
 pages = {137--143},
 publisher = {ACM Press},
 location = {Shanghai, China},
 doi = {http://doi.acm.org/10.1145/1137983.1138016},
 }

 @article{Dinh-Trong2005IEEE,
  title={{The FreeBSD Project: A Replication Case Study of Open Source Development}},
  author={Dinh-Trong, T.T. and Bieman, J.M.},
  journal={IEEE Transactions on Software Engineering},
  volume={31},
  number={6},
  pages={481--494},
  year={2005},
  publisher={IEEE Press}
}

@Article{Williams2000IEEE,
author = {Williams, L. and Kessler, R.R. and Cunningham, W. and Jeffries, R.},
title = {Strengthening the case for pair programming},
journal = {IEEE Software},
year = {2000},
volume = {17},
number = {4},
pages = {19--25},
}

@Book{Beck2000AW,
author = {Kent Beck},
title = {Extreme Programming Explained},
publisher = {Addison-Wesley},
year = {2000},
series = {Extreme Programming Explained},
}

@inproceedings{Kelly2002CASCON,
 author = {Diane Kelly and Terry Shepard},
 title = {Qualitative observations from software code inspection experiments},
 booktitle = {CASCON: Proceedings of the conference of the Centre for Advanced Studies on Collaborative Research},
 year = {2002},
 pages = {5},
 location = {Toronto, Ontario, Canada},
 publisher = {IBM Press},
 }

@article{ONeill1997IEEES,
 author = {Don O'Neill},
 title = {Issues in Software Inspection},
 journal = {IEEE Softw.},
 volume = {14},
 number = {1},
 year = {1997},
 issn = {0740-7459},
 pages = {18--19},
 doi = {http://dx.doi.org/10.1109/52.566420},
 publisher = {IEEE Computer Society Press},
 address = {Los Alamitos, CA, USA},
 }

@conference{Harjumaa2002HSS,
  title={{A WWW-based tool for software inspection}},
  author={Harjumaa, L. and Tervonen, I.},
booktitle={HICSS: 31st Annual Hawaii International Conference on System Sciences}, 
  pages={379--388},
  isbn={0818682558},
  year={1998},
  organization={IEEE Computer Society}
}

@conference{Brothers1990CSCW,
  title={{ICICLE: groupware for code inspection}},
  author={Brothers, L. and Sembugamoorthy, V. and Muller, M.},
  booktitle={Proceedings of the 1990 ACM conference on Computer-supported cooperative work},
  pages={169--181},
  isbn={0897914023},
  year={1990},
  organization={ACM Press}
}

@article{Barnard1994IEES,
  title={{Managing code inspection information}},
  author={Barnard, J. and Price, A.},
  journal={IEEE Software},
  pages={59--69},
  issn={0740-7459},
  year={1994},
  publisher={Published by the IEEE Computer Society}
}


@inproceedings{Mashayekhi1994SIGSOFT,
 author = {Vahid Mashayekhi and Chris Feulner and John Riedl},
 title = {CAIS: collaborative asynchronous inspection of software},
 booktitle = {Proceedings of the 2nd ACM SIGSOFT symposium on Foundations of software engineering},
 year = {1994},
 isbn = {0-89791-691-3},
 pages = {21--34},
 location = {New Orleans, Louisiana, United States},
 doi = {http://doi.acm.org/10.1145/193173.195290},
 publisher = {ACM Press},
}

@article{Huang2006IEEES,
  title={How Much Software Quality Investment Is Enough: A Value-Based Approach},
  author={ L. Huang, Boehm, B.},
  journal={IEEE Software},
  volume={23},
  number={5},
  pages={88--95},
  year={2006}
}

@book{Boehm2003AWP,
  title={Balancing Agility and Discipline: A Guide for the Perplexed},
  author={Boehm, B.W. and Turner, R.},
  year={2003},
  publisher={Addison-Wesley Professional}
}

@article{Michael1992SEMACM,
 author = {G. Michael Schneider and Johnny Martin and W. T. Tsai},
 title = {An experimental study of fault detection in user requirements documents},
 journal = {ACM Transactions Software Engineering Methodology},
 volume = {1},
 number = {2},
 year = {1992},
 issn = {1049-331X},
 pages = {188--204},
 doi = {http://doi.acm.org/10.1145/128894.128897},
 publisher = {ACM Press},
 address = {New York, NY, USA},
 }

@inproceedings{Bankes1995IITQC,
author = {Kirk Bankes and Fred Saucer},
title = {Ford systems inspection experiences},
booktitle = {Proceedings of the International Information Technology Quality Conference},
year = {1995},
location = {Orlando, Florida},
publisher = {Quality Assurance Institute},
}

@Book{Yourdon1989PH,
author = {Edward Yourdon},
title = {Structured Walkthroughs},
publisher = {Prentice Hall},
year = {1989},
series = {Yourdon Press Computing Series},
}


@inproceedings{Buck1984SV,
 author = {Robert D. Buck and James H. Dobbins},
 title = {Application of software inspection methodology in design and code},
 booktitle = {Proc. of a symposium on Software validation: inspection-testing-verification-alternatives},
 year = {1984},
 isbn = {0-444-87593-X},
 pages = {41--56},
 location = {Darmstadt, Germany},
 publisher = {Elsevier North-Holland, Inc.},
 address = {New York, NY, USA},
 }

@inproceedings{Eick1992ICSE,
 author = {Stephen G. Eick and Clive R. Loader and M. David Long and Lawrence G. Votta and Scott Vander Wiel},
 title = {Estimating software fault content before coding},
 booktitle = {Proceedings of the 14th International Conference on Software Engineering},
 year = {1992},
 isbn = {0-89791-504-6},
 pages = {59--65},
 location = {Melbourne, Australia},
 doi = {http://doi.acm.org/10.1145/143062.143090},
 }

@Article{Fenton1999IEEE,
author = {Fenton, N.E. and Neil, M.},
title = {A critique of software defect prediction models},
journal = {IEEE Transactions on Software Engineering},
year = {1999},
volume = {25},
number = {5},
pages = {675--689},
}


@article{Johnson1998EmpericalSE,
 author = {Philip M. Johnson and Danu Tjahjono},
 title = {Does Every Inspection Really Need a Meeting?},
 journal = {Empirical Software Engineering},
 volume = {3},
 number = {1},
 year = {1998},
 issn = {1382-3256},
 pages = {9--35},
 doi = {http://dx.doi.org/10.1023/A:1009787822215},
 publisher = {Kluwer Academic Publishers},
 address = {Hingham, MA, USA},
 }

@article{Fagan2002SP,
 author = {Michael Fagan},
 title = {A history of software inspections},
 journal = {Software pioneers: contributions to software engineering, Springer-Verlag, Inc.},
 publisher = {Springer-Verlag, Inc.},
 year = {2002},
 isbn = {3-540-43081-4},
 pages = {562--573},
 }
 address = {New York, NY, USA},


@Article{Fagan1976IBM,
author = {Michael Fagan},
title = {{Design and Code Inspections to Reduce Errors in Program Development}},
journal = {IBM Systems Journal},
year = {1976},
volume = {15},
number = {3},
pages = {182--211},
}


@Article{Weller1993IEEE,
author = {Weller, E.F.},
title = {Lessons from three years of inspection data},
journal = {IEEE Software},
year = {1993},
volume = {10},
number = {5},
pages = {38--45},
}

@Article{Ackerman1989IEEE,
author = {Ackerman, A.F. and Buchwald, L.S. and Lewski, F.H.},
title = {Software inspections: an effective verification process},
journal = {IEEE Software},
year = {1989},
volume = {6},
number = {3},
pages = {31--36},
}
month = {May},

@Article{Macdonald1999AutomatedSE,
author = {Fraser Macdonald and James Miller},
title = {A Comparison of Computer Support Systems for Software Inspection},
journal = {Automated Software Engineering},
year = {1999},
volume = {6},
number = {3},
pages = {291--313},
month = {July},
}

@Book{Wiegers2001AW,
author = {Karl E Wiegers},
title = {{Peer Reviews in Software: A Practical Guide}},
publisher = {Addison-Wesley},
year = {2001},
series = {Addison-Wesley Information Technology Series},
}

@article{Cockburn2001AW,
 author = {Alistair Cockburn and Laurie Williams},
 title = {The costs and benefits of pair programming},
 book = {Extreme programming examined},
 year = {2001},
 isbn = {0-201-71040-4},
 pages = {223--243},
 publisher = {Addison-Wesley Longman},
 }
 address = {Boston, MA, USA},

@Article{Fagan1986IEEE,
  author =   {Michael Fagan},
  title =    "Advances in Software Inspections",
  journal =      "{IEEE Transactions on Software Engineering}",
  year =     1986,
  volume =       12,
  number =       7,
  pages =        {744--751}
}

@inproceedings{Gutwin2004CSCW,
 author = {Carl Gutwin and Reagan Penner and Kevin Schneider},
 title = {Group awareness in distributed software development},
 booktitle = {CSCW: Proceedings of the 2004 ACM conference on Computer Supported Cooperative Work},
 year = {2004},
 isbn = {1-58113-810-5},
 pages = {72--81},
 }

@Article{Mockus2002ACM,
  author =   {Audris Mockus and Roy T. Fielding and James Herbsleb},
  title =    "Two Case Studies of Open Source Software Development: {Apache and Mozilla}",
  journal =      "{ACM Transactions on Software Engineering and Methodology}",
  year =     2002,
  volume =       11,
  number =       3,
  pages =        {1--38},
}

@Article{dmgevolution,
  author = 	"D. M. German",
  title = 	"{Using software trails to reconstruct the evolution of software}",
  journal  = 	"Journal of Software Maintenance and Evolution: Research and Practice",
  year = 	"2004",
  pages = "367--384",
  volume = 	"16",
  number =      "6",
}

@article{ShaFrame,
author = { Sharma,Srinarayan and Sugumaran,Vijayan and Rajagopalan,Balaji },
title = {A framework for creating hybrid-open source software communities},
journal = {Inform Syst J},
volume = {12},
number = {1},
pages = {7-25},
year = {2002},
}

@incollection{StaFree,
  author = "Richard M. Stallman",
  title = "Why Software Should Be Free",
  booktitle = "Free Software, Free Society",
  pages = "119--132",
  publisher = "Free Software Foundation",
  address = "Boston, USA",
  year = 2002,
}

@BOOK{StaVoices,
  author = "Richard M. Stallman",
  title = "Open Sources : Voices from the Open Source Revolution",
  pages = "1--13",
  publisher = "O'Reilley",
  year = 1999,
  URL = {http://www.oreilly.com/catalog/opensources/book/stallman.html}
}

@BOOK{RayCat,
  AUTHOR =       "Eric S. Raymond",
  TITLE =        "The Cathedral and the Bazaar",
  PUBLISHER =    "O'Reilly and Associates",
  YEAR =         "1999",
}


@article{KocGNOME,
author = { Koch,Stefan and Schneider,Georg },
title = {Effort, co-operation and co-ordination in an open source software project: GNOME},
journal = {Inform Syst J},
volume = {12},
number = {1},
pages = {27-27},
year = {2002},
URL = {http://www.blackwell-synergy.com/links/doi/10.1046/j.1365-2575.2002.00110.x/abs},
eprint = {http://www.blackwell-synergy.com/links/doi/10.1046/j.1365-2575.2002.00110.x/pdf}
}

@INPROCEEDINGS{CapFM,
  AUTHOR =       "A Capiluppi and P Lago and M Morisio",
  TITLE =        "Characteristics of open source projects",
  YEAR =         "2003",
  volume =       "26",
  pages =        "317-327",
  month =        "March",
  publisher =    "Seventh European Conference on Software Maintenance and Reengineering",
}

@inproceedings{FelFrame,
 author = {Joseph Feller and Brian Fitzgerald},
 title = {A framework analysis of the open source software development paradigm},
 booktitle = {ICIS '00: Proceedings of the twenty first international conference on Information systems},
 year = {2000},
 isbn = {ICIS2000-X},
 pages = {58--69},
 location = {Brisbane, Queensland, Australia},
 publisher = {Association for Information Systems},
 address = {Atlanta, GA, USA},
 }

 @inproceedings{ScaReq,
 author = {W Scacchi},
 title = {Understanding the requirements for developing open source software systems},
 year = {2002},
 pages = {24--39},
 month = {February},
 publisher = {Software, IEE Proceedings}
 }

 @inproceedings{FeiProcess,
 author = {P.H. Feiler and W.S. Humphrey},
 title = {Software process development and enactment: concepts and definitions},
 year = {1993},
 month = {February},
 pages = {28--40},
 publisher = {Second International Conference on the Software Process, IEEE},
 }

@article{CurProcess,
 author = {Bill Curtis and Marc I. Kellner and Jim Over},
 title = {Process modeling},
 journal = {Commun. ACM},
 volume = {35},
 number = {9},
 year = {1992},
 issn = {0001-0782},
 pages = {75--90},
 doi = {http://doi.acm.org/10.1145/130994.130998},
 publisher = {ACM Press},
 address = {New York, NY, USA},
 }

@Article{GerGNOME,
  author  = "D. M. German",
  title   = "{{Decentralized open source global software development, the GNOME experience}}",
  journal = "Journal of Software Process: Improvement and Practice",
  year    = "2004",
  volume  = "8",
  number  = "4",
  pages   = "201--215",
}

@MISC{codecollaborator,
  author = "CodeCollaborator",
  title =  "A web-based tool that simplifies and expedites peer code reviews.",
  howpublished = "\url{http://smartbear.com/codecollab.php}, Accessed December 2010"

}

@misc{RFC2822,
  title={{RFC 2822: Internet message format}},
  author={Resnick, P. and others},
  year={2001},
  publisher={RFC 2822, April 2001}
}

@MISC{Report2007GNOME,
  author = "GNOME",
  title =  "GNOME Foundation Report",
  year = "2007",
  howpublished = "\url{http://foundation.gnome.org/reports/gnome-annual-report-2007.pdf}"
}

@book{Burnham2002Model,
  title={Model selection and multimodel inference: a practical information-theoretic approach},
  author={Burnham, K.P. and Anderson, D.R.},
  year={2002},
  publisher={Springer Verlag}
}

@book{LSEC2011Review,
  author = {LSEC},
  title = {LSEC Peer Review Processes},
  publisher = "Land Software Engineering Centre",
  year = "2011"
}


@Manual{rstats,
title = {R: A Language and Environment for Statistical Computing},
author = {{R Development Core Team}},
organization = {R Foundation for Statistical Computing},
address = {Vienna, Austria},
year = {2011},
note = {{ISBN} 3-900051-07-0},
url = {http://www.R-project.org/},
}

@MISC{gitorious,
  author = "Gitorious",
  title =  "Open source infrastructure for hosting open source projects that use Git",
  howpublished = "\url{http://gitorious.org/about}, Accessed December 2010"

}

@MISC{gerrit,
  author = "Gerrit",
  title =  "Web based code review and project management for Git based projects",
  howpublished = "\url{http://code.google.com/p/gerrit/}, Accessed December 2010"

}

@MISC{ReviewBoard,
  author = "ReviewBoard",
  title =  "A powerful web-based code review tool that offers developers an easy way to handle code reviews.",
  howpublished = "\url{http://www.reviewboard.org/}, Accessed December 2010"
}

@MISC{Bugzilla,
  author = "Bugzilla",
  title =  "Bug-Tracking System",
  howpublished = "\url{http://www.bugzilla.org/about/}, Accessed December 2010"

}

@inproceedings{Forrester2007Report,
  author = "Carey Schwaber and Mike Gilpin and Jacqueline Stone",
  title =        "Software Change and Configuration Management",
  publisher = {Forrester Wave},
  year = 2007,
}

@MISC{NetcraftHttp,
  author =       "Netcraft",
  title =        "Web Server Survey",
  year = 2010,
  month = "June",
  howpublished = "\url{http://news.netcraft.com/archives/2010/06/16/june-2010-web-server-survey.html}"
}

@MISC{NetcraftServers,
  author =       "Netcraft",
  title =        "Most Reliable Hosting Company Sites",
  year = 2009,
  month = "May",
  howpublished = "\url{http://news.netcraft.com/archives/2009/06/02/most_reliable_hosting_company_sites_in_may_2009.html}"
}

@MISC{NetcraftFreeBSD,
  author =       "Netcraft",
  title =        "Nearly 2.5 Million Active Sites running FreeBSD",
  year = 2004,
  month = "July",
  howpublished = "\url{http://news.netcraft.com/archives/2009/06/02/most_reliable_hosting_company_sites_in_may_2009.html}"
}

@MISC{Freshmeat,
  author =       "Freshmeat",
  title =        "About Freshmeat: A catalog of software projects",
  howpublished = "\url{http://freshmeat.net/about}, Accessed September 2009"
}

@MISC{Sourceforge,
  author =       "SourceForge",
  title =        {{SourceForge: Find and Develop Open Source Software}},
  howpublished = "\url{http://sourceforge.net/about}, Accessed December 2010"

}

@MISC{FreshmeatFormula,
  author =       "Freshmeat",
  title =        "How do you measure a project's popularity?",
  howpublished = "\url{http://help.freshmeat.net/faqs/statistics/how-do-you-measure-a-projects-popularity}, Accessed September 2009"
}

@MISC{Apache,
  author = "Apache",
  title = "The Apache server project.",
  howpublished = "Apache Software Foundation. \url{http://httpd.apache.org/}, Accessed December 2010"

}

@MISC{Reasoning2003,
  title = {Apache Defect and Metric Reports},
  author = {{Reasoning, Inc}},
  year = "2003",
  howpublished = "\url{http://www.reasoning.com/downloads.html}",
}

@MISC{ApaVote,
author = "Apache",
year = "2005",  
howpublished = "Apache Software Foundation. Consensus gauging through voting.  \url{http://apache.org/foundation/voting.html}, Accessed April 2005",
}

@MISC{CovIndem,
  author =       "Covalent",
  year = "2005",
  title =        "Legal Resources",
  howpublished = "\url{http://www.covalent.net/legal/index.html}, Accessed April 2005",
}

@MISC{ForIndem,
  author = "Forbes",
  year = "2003",
  howpublished = "IBM refuses to indemnify Linux users.  \url{http://www.forbes.com/2003/08/05/cz_dl_0805ibmlinux.html}, Accessed April 2005",
}

@MISC{Kamp1999ML,
	author = "Poul-Henning Kamp", 
	title = "A bike shed (any colour will do) on greener grass...",
	year = "1999",
	howpublished = "FreeBSD mailing list archive \url{http://www.webcitation.org/5ZZaDOxyW}",
}

@Manual{diff,
title = {diff -- compare files line by line},
author = {Paul Eggert and Mike Haertel and David Hayes and Richard Stallman and Len Tower},
organization = {Free Software Foundation, Inc.},
year = {2002},
}

@MISC{Torvalds2007ML,
	author = "Linus Torvalds", 
	title = {{``Re: IRQF\_DISABLED problem [maintaining status quo unless change is obviously better]''}},
	year = "2007",
	howpublished = "Linux Kernel Mailing List \url{http://kerneltrap.org/mailarchive/linux-kernel/2007/7/26/122293}",
}


@book{HumphreyAdvDis,
  author =   {Watts Humphrey},
  title =    "Advances in Software Inspections",
  publisher =      "{IEEE Computer Dynabook}",
  year =     2000
  }

@Article{Spinellis2004IEEE,
  AUTHOR =       {Diomidis Spinellis and Clemens Szyperski},
  TITLE =        "How is open source affecting software development",
  JOURNAL =      "{IEEE Software}",
  YEAR =         2004,
  volume =       "21",
  number =       "1",
  pages =        {28--33},
  month =        {January}
}

@UNPUBLISHED{HinScreen,
  AUTHOR =       "Abram Hindle",
  TITLE =        "GNU Screen: A Community",
  NOTE =         "Available at \url{http://turingmachine.org/}",
  year = "2005"
}

@Article{Dempsey2002ACM,
  AUTHOR =       {B. J. Dempsey, D. Weiss, P. Jones, and J. Greenbergi},
  TITLE =        " Who is an open source software developer?",
  JOURNAL =      "{Communications of the ACM}",
  YEAR =         2002,
  volume =       "45",
  number =       "2",
  pages =        {67--72},
  month =        {February}
}

@Article{Agrawal2007IEEE,
  AUTHOR =       {Manish Agrawal and Kaushal Chari},
  TITLE =        "Software Effort, Quality, and Cycle Time: A Study of CMM Level 5 Projects",
  JOURNAL =      "{IEEE Transactions of software engineering}",
  YEAR =         2007,
  volume =       "33",
  number =       "3",
  pages =        {145--156},
  month =        {March}
}

@Article{Pusatli2011TechnicalGazette,
  AUTHOR =       {Pusatli, O. Tolga and Misra, Sanjay},
  TITLE =        "A DISCUSSION ON ASSURING SOFTWARE QUALITY IN SMALL AND MEDIUM SOFTWARE ENTERPRISES: AN EMPIRICAL INVESTIGATION.",
  JOURNAL =      "{Tehnicki vjesnik / Technical Gazette}",
  YEAR =         2011,
  volume =       "18",
  number =       "3",
  pages =        {447 - 452},
  month =        {}
}

@Article{Saiedian1995Computer,
  AUTHOR =       {Saiedian, H. and Kuzara, R.},
  TITLE =        "SEI capability maturity model's impact on contractors",
  JOURNAL =      "{Computer}",
  YEAR =         1995,
  volume =       "28",
  number =       "1",
  pages =        {16--26},
  month =        {January}
}

@Article{McGuire2001PICMET,
  AUTHOR =       {McGuire, E.G. and McKeown, K.A.},
  TITLE =        "5 critical steps for adopting CMM in an ISO environment",
  JOURNAL =      "{Management of Engineering and Technology, 2001. PICMET '01. Portland International Conference on}",
  YEAR =         2001,
  volume =       "1",
  number =       "",
  pages =        {430--431},
  month =        {}
}

@Article{YongGang2010ICCMS,
  AUTHOR =       {Mei YongGang and Ding JianJie},
  TITLE =        "Software Measurement Process Capability Maturity Model",
  JOURNAL =      "{Computer Modeling and Simulation, 2010. ICCMS '10. Second International Conference on}",
  YEAR =         2010,
  volume =       "3",
  number =       "",
  pages =        {400--402},
  month =        {January}
}

@Article{Humphrey1991IEEE,
  AUTHOR =       {Humphrey, W.S. and Snyder, T.R. and Willis, R.R.},
  TITLE =        "Software process improvement at Hughes Aircraft",
  JOURNAL =      "{Software, IEEE}",
  YEAR =         1991,
  volume =       "8",
  number =       "4",
  pages =        {11 -23},
  month =        {July}
}

@Article{Oshana1999IEEE,
  AUTHOR =       {Oshana, Robert S. and Linger, Richard C.},
  TITLE =        "Capability Maturity Model Software Development Using Cleanroom Software Engineering Principles - Results of an Industry Project",
  JOURNAL =      "{Proceedings of the Thirty-second Annual Hawaii International Conference on System Sciences}",
  YEAR =         1999,
  volume =       "7",
  number =       "",
  pages =        {7042--},
  month =        {}
}

@Article{Ply2012MISQuarterly,
  AUTHOR =       {Ply, Janet K. and Ellen Moore, Jo and Williams, Clay K. and Bennett Thatcher, Jason},
  TITLE =        "IS EMPLOYEE ATTITUDES AND PERCEPTIONS AT VARYING LEVELS OF SOFTWARE PROCESS MATURITY.",
  JOURNAL =      "{MIS Quarterly}",
  YEAR =         2012,
  volume =       "36",
  number =       "2",
  pages =        {601 - A5},
  month =        {}
}

@Article{Galin2006IEEE,
  AUTHOR =       {Galin, Daniel and Avrahami, Motti},
  TITLE =        "Are CMM Program Investments Beneficial? Analyzing Past Studies.",
  JOURNAL =      "{IEEE Software}",
  YEAR =         2006,
  volume =       "23",
  number =       "6",
  pages =        {81 - 87},
  month =        {}
}

@Article{Card2000IEEE,
  AUTHOR =       {Card, David N.},
  TITLE =        "Sorting Out Six Sigma and the CMM.",
  JOURNAL =      "{IEEE Software}",
  YEAR =         2000,
  volume =       "17",
  number =       "3",
  pages =        {11},
  month =        {}
}

@Article{Paulk2001IEEE,
  AUTHOR =       {Paulk, Mark C.},
  TITLE =        "Extreme Programming from a CMM Perspective.",
  JOURNAL =      "{IEEE Software}",
  YEAR =         2001,
  volume =       "18",
  number =       "6",
  pages =        {17},
  month =        {}
}

@Article{Zhang2011IEEE,
  AUTHOR =       {Lina Zhang and Dan Shao},
  TITLE =        "Software process improvement for small and medium organizations based on CMMI",
  JOURNAL =      "{Artificial Intelligence, Management Science and Electronic Commerce (AIMSEC), 2011 2nd International Conference on}",
  YEAR =         2011,
  volume =       "",
  number =       "",
  pages =        {2402--2405},
  month =        {August}
}

@Article{GourleyBird2006ACM,
  AUTHOR =       {Bird, Christian and Gourley, Alex and Devanbu, Prem and Gertz, Michael and Swaminathan, Anand},
  TITLE =        "Mining email social networks",
  JOURNAL =      "{Proceedings of the 2006 international workshop on Mining software repositories}",
  YEAR =         2006,
  volume =       "",
  number =       "",
  pages =        {137--143},
  month =        {}
}

@inproceedings{Monteiro2011ACM,
 author = {Monteiro, Cleviton V.F. and da Silva, Fabio Q.B. and dos Santos, Isabella R.M. and Farias, Felipe and Cardozo, Elisa S.F. and do A. Leit\~{a}o, Andr{\'e} R.G. and Neto, Dacio N.M. and Pernambuco Filho, Miguel J.A.},
 title = {A qualitative study of the determinants of self-managing team effectiveness in a scrum team},
 booktitle = {Proceedings of the 4th International Workshop on Cooperative and Human Aspects of Software Engineering},
 series = {CHASE '11},
 year = {2011},
 isbn = {978-1-4503-0576-1},
 location = {Waikiki, Honolulu, HI, USA},
 pages = {16--23},
 numpages = {8},
 url = {http://0-doi.acm.org.mercury.concordia.ca/10.1145/1984642.1984646},
 doi = {10.1145/1984642.1984646},
 acmid = {1984646},
 publisher = {ACM},
 address = {New York, NY, USA},
} 

@inproceedings{Layman2004ACM,
 author = {Layman, Lucas},
 title = {Empirical investigation of the impact of extreme programming practices on software projects},
 booktitle = {Companion to the 19th annual ACM SIGPLAN conference on Object-oriented programming systems, languages, and applications},
 series = {OOPSLA '04},
 year = {2004},
 isbn = {1-58113-833-4},
 location = {Vancouver, BC, CANADA},
 pages = {328--329},
 numpages = {2},
 url = {http://0-doi.acm.org.mercury.concordia.ca/10.1145/1028664.1028787},
 doi = {10.1145/1028664.1028787},
 acmid = {1028787},
 publisher = {ACM},
 address = {New York, NY, USA},
}

@inproceedings{Hulkko2005ACM,
 author = {Hulkko, Hanna and Abrahamsson, Pekka},
 title = {A multiple case study on the impact of pair programming on product quality},
 booktitle = {Proceedings of the 27th international conference on Software engineering},
 series = {ICSE '05},
 year = {2005},
 isbn = {1-58113-963-2},
 location = {St. Louis, MO, USA},
 pages = {495--504},
 numpages = {10},
 url = {http://0-doi.acm.org.mercury.concordia.ca/10.1145/1062455.1062545},
 doi = {10.1145/1062455.1062545},
 acmid = {1062545},
 publisher = {ACM},
 address = {New York, NY, USA},
} 

@inproceedings{Alyahya2012IEEE,
 author = {Alyahya, Sultan and Ivins, Wendy K. and Gray, W. A.},
 title = {A Holistic Approach to Developing a Progress Tracking System for Distributed Agile Teams},
 booktitle = {Proceedings of the 2012 IEEE/ACIS 11th International Conference on Computer and Information Science},
 series = {ICIS '12},
 year = {2012},
 isbn = {978-0-7695-4694-0},
 pages = {503--512},
 numpages = {10},
 url = {http://0-dx.doi.org.mercury.concordia.ca/10.1109/ICIS.2012.7},
 doi = {10.1109/ICIS.2012.7},
 acmid = {2310824},
 publisher = {IEEE Computer Society},
 address = {Washington, DC, USA},
} 

@inproceedings{Bakalova2011ACM,
 author = {Bakalova, Zornitza and Daneva, Maya},
 title = {A comparative case study on clients participation in a 'traditional' and in an Agile software company},
 booktitle = {Proceedings of the 12th International Conference on Product Focused Software Development and Process Improvement},
 series = {Profes '11},
 year = {2011},
 isbn = {978-1-4503-0783-3},
 location = {Torre Canne, Brindisi, Italy},
 pages = {74--80},
 numpages = {7},
 url = {http://0-doi.acm.org.mercury.concordia.ca/10.1145/2181101.2181118},
 doi = {10.1145/2181101.2181118},
 acmid = {2181118},
 publisher = {ACM},
 address = {New York, NY, USA},
} 
 
@inproceedings{Racheva2010ACM,
 author = {Racheva, Zornitza and Daneva, Maya and Herrmann, Andrea},
 title = {A conceptual model of client-driven agile requirements prioritization: results of a case study},
 booktitle = {Proceedings of the 2010 ACM-IEEE International Symposium on Empirical Software Engineering and Measurement},
 series = {ESEM '10},
 year = {2010},
 isbn = {978-1-4503-0039-1},
 location = {Bolzano-Bozen, Italy},
 pages = {39:1--39:4},
 articleno = {39},
 numpages = {4},
 url = {http://0-doi.acm.org.mercury.concordia.ca/10.1145/1852786.1852837},
 doi = {10.1145/1852786.1852837},
 acmid = {1852837},
 publisher = {ACM},
 address = {New York, NY, USA},
} 

@inproceedings{Spoelstra2011ACM,
 author = {Spoelstra, Wouter and Iacob, Maria and van Sinderen, Marten},
 title = {Software reuse in agile development organizations: a conceptual management tool},
 booktitle = {Proceedings of the 2011 ACM Symposium on Applied Computing},
 series = {SAC '11},
 year = {2011},
 isbn = {978-1-4503-0113-8},
 location = {TaiChung, Taiwan},
 pages = {315--322},
 numpages = {8},
 url = {http://0-doi.acm.org.mercury.concordia.ca/10.1145/1982185.1982255},
 doi = {10.1145/1982185.1982255},
 acmid = {1982255},
 publisher = {ACM},
 address = {New York, NY, USA},
} 

@inproceedings{Baca2011ACM,
 author = {Baca, Dejan and Carlsson, Bengt},
 title = {Agile development with security engineering activities},
 booktitle = {Proceedings of the 2011 International Conference on Software and Systems Process},
 series = {ICSSP '11},
 year = {2011},
 isbn = {978-1-4503-0730-7},
 location = {Waikiki, Honolulu, HI, USA},
 pages = {149--158},
 numpages = {10},
 url = {http://0-doi.acm.org.mercury.concordia.ca/10.1145/1987875.1987900},
 doi = {10.1145/1987875.1987900},
 acmid = {1987900},
 publisher = {ACM},
 address = {New York, NY, USA},
} 

@inproceedings{Dinakar2009ACM,
 author = {Dinakar, Karthik},
 title = {Agile development: overcoming a short-term focus in implementing best practices},
 booktitle = {Proceedings of the 24th ACM SIGPLAN conference companion on Object oriented programming systems languages and applications},
 series = {OOPSLA '09},
 year = {2009},
 isbn = {978-1-60558-768-4},
 location = {Orlando, Florida, USA},
 pages = {579--588},
 numpages = {10},
 url = {http://0-doi.acm.org.mercury.concordia.ca/10.1145/1639950.1639952},
 doi = {10.1145/1639950.1639952},
 acmid = {1639952},
 publisher = {ACM},
 address = {New York, NY, USA},
} 

@inproceedings{Sindhgatta2010ACM,
 author = {Sindhgatta, Renuka and Narendra, Nanjangud C. and Sengupta, Bikram},
 title = {Software evolution in agile development: a case study},
 booktitle = {Proceedings of the ACM international conference companion on Object oriented programming systems languages and applications companion},
 series = {SPLASH '10},
 year = {2010},
 isbn = {978-1-4503-0240-1},
 location = {Reno/Tahoe, Nevada, USA},
 pages = {105--114},
 numpages = {10},
 url = {http://0-doi.acm.org.mercury.concordia.ca/10.1145/1869542.1869560},
 doi = {10.1145/1869542.1869560},
 acmid = {1869560},
 publisher = {ACM},
 address = {New York, NY, USA},
} 

@article{Franky2011ACM,
 author = {Franky, Mar\'{\i}a Consuelo},
 title = {Agile management and development of software projects based on collaborative environments},
 journal = {SIGSOFT Softw. Eng. Notes},
 issue_date = {May 2011},
 volume = {36},
 number = {3},
 month = may,
 year = {2011},
 issn = {0163-5948},
 pages = {1--6},
 numpages = {6},
 url = {http://0-doi.acm.org.mercury.concordia.ca/10.1145/1968587.1968605},
 doi = {10.1145/1968587.1968605},
 acmid = {1968605},
 publisher = {ACM},
 address = {New York, NY, USA},
} 

@article{Nummenmaa2011ACM,
 author = {Nummenmaa, Timo and Tiensuu, Aleksi and Berki, Eleni and Mikkonen, Tommi and Kuittinen, Jussi and Kultima, Annakaisa},
 title = {Supporting agile development by facilitating natural user interaction with executable formal specifications},
 journal = {SIGSOFT Softw. Eng. Notes},
 issue_date = {July 2011},
 volume = {36},
 number = {4},
 month = aug,
 year = {2011},
 issn = {0163-5948},
 pages = {1--10},
 numpages = {10},
 url = {http://0-doi.acm.org.mercury.concordia.ca/10.1145/1988997.2003643},
 doi = {10.1145/1988997.2003643},
 acmid = {2003643},
 publisher = {ACM},
 address = {New York, NY, USA},
} 

@article{Misra2011ACM,
 author = {Misra, Sanjay and Omorodion, Martha},
 title = {Survey on agile metrics and their inter-relationship with other traditional development metrics},
 journal = {SIGSOFT Softw. Eng. Notes},
 issue_date = {November 2011},
 volume = {36},
 number = {6},
 month = nov,
 year = {2011},
 issn = {0163-5948},
 pages = {1--3},
 numpages = {3},
 url = {http://0-doi.acm.org.mercury.concordia.ca/10.1145/2047414.2047430},
 doi = {10.1145/2047414.2047430},
 acmid = {2047430},
 publisher = {ACM},
 address = {New York, NY, USA},
} 

@inproceedings{Petrillo2010ACM,
 author = {Petrillo, Fabio and Pimenta, Marcelo},
 title = {Is agility out there?: agile practices in game development},
 booktitle = {Proceedings of the 28th ACM International Conference on Design of Communication},
 series = {SIGDOC '10},
 year = {2010},
 isbn = {978-1-4503-0403-0},
 location = {S\ão Carlos, S\ão Paulo, Brazil},
 pages = {9--15},
 numpages = {7},
 url = {http://0-doi.acm.org.mercury.concordia.ca/10.1145/1878450.1878453},
 doi = {10.1145/1878450.1878453},
 acmid = {1878453},
 publisher = {ACM},
 address = {New York, NY, USA},
} 

@inproceedings{Mircea2010ACM,
 author = {Mircea, Marinela and Andreescu, Anca Ioana},
 title = {Agile systems development for the management of service oriented organizations},
 booktitle = {Proceedings of the 11th International Conference on Computer Systems and Technologies and Workshop for PhD Students in Computing on International Conference on Computer Systems and Technologies},
 series = {CompSysTech '10},
 year = {2010},
 isbn = {978-1-4503-0243-2},
 location = {Sofia, Bulgaria},
 pages = {341--346},
 numpages = {6},
 url = {http://0-doi.acm.org.mercury.concordia.ca/10.1145/1839379.1839439},
 doi = {10.1145/1839379.1839439},
 acmid = {1839439},
 publisher = {ACM},
 address = {New York, NY, USA},
} 

@inproceedings{Kuusinen2012Springer,
 author = {Kuusinen, Kati and Mikkonen, Tommi and Pakarinen, Santtu},
 title = {Agile user experience development in a large software organization: good expertise but limited impact},
 booktitle = {Proceedings of the 4th international conference on Human-Centered Software Engineering},
 series = {HCSE'12},
 year = {2012},
 isbn = {978-3-642-34346-9},
 location = {Toulouse, France},
 pages = {94--111},
 numpages = {18},
 url = {http://0-dx.doi.org.mercury.concordia.ca/10.1007/978-3-642-34347-6_6},
 doi = {10.1007/978-3-642-34347-6_6},
 acmid = {2414187},
 publisher = {Springer-Verlag},
 address = {Berlin, Heidelberg},
} 

@inproceedings{Leithiser2008ACM,
 author = {Leithiser, Robert and Hamilton, Drew},
 title = {Agile versus CMMI - process template selection and integration with microsoft team foundation server},
 booktitle = {Proceedings of the 46th Annual Southeast Regional Conference on XX},
 series = {ACM-SE 46},
 year = {2008},
 isbn = {978-1-60558-105-7},
 location = {Auburn, Alabama},
 pages = {186--191},
 numpages = {6},
 url = {http://0-doi.acm.org.mercury.concordia.ca/10.1145/1593105.1593153},
 doi = {10.1145/1593105.1593153},
 acmid = {1593153},
 publisher = {ACM},
 address = {New York, NY, USA},
} 

@article{Cao2010ACM,
 author = {Cao, Lan and Ramesh, Balasubramaniam and Abdel-Hamid, Tarek},
 title = {Modeling dynamics in agile software development},
 journal = {ACM Trans. Manage. Inf. Syst.},
 issue_date = {December 2010},
 volume = {1},
 number = {1},
 month = dec,
 year = {2010},
 issn = {2158-656X},
 pages = {5:1--5:26},
 articleno = {5},
 numpages = {26},
 url = {http://0-doi.acm.org.mercury.concordia.ca/10.1145/1877725.1877730},
 doi = {10.1145/1877725.1877730},
 acmid = {1877730},
 publisher = {ACM},
 address = {New York, NY, USA},
} 

@article{Janus2012ACM,
 author = {Janus, Andr{\'e}},
 title = {Towards a common agile software development model (ASDM)},
 journal = {SIGSOFT Softw. Eng. Notes},
 issue_date = {July 2012},
 volume = {37},
 number = {4},
 month = jul,
 year = {2012},
 issn = {0163-5948},
 pages = {1--8},
 numpages = {8},
 url = {http://0-doi.acm.org.mercury.concordia.ca/10.1145/2237796.2237803},
 doi = {10.1145/2237796.2237803},
 acmid = {2237803},
 publisher = {ACM},
 address = {New York, NY, USA},
} 

@INPROCEEDINGS{Mira2010Agile, 
author={Kajko-Mattsson, M. and Azizyan, G. and Magarian, M.K.}, 
booktitle={Agile Conference (AGILE), 2010},
title={Classes of Distributed Agile Development Problems}, 
year={2010}, 
month={aug.}, 
volume={}, 
number={}, 
pages={51 -58}, 
doi={10.1109/AGILE.2010.14}, 
ISSN={},
}

@inproceedings{Hoda2010ACM,
 author = {Hoda, Rashina and Kruchten, Philippe and Noble, James and Marshall, Stuart},
 title = {Agility in context},
 booktitle = {Proceedings of the ACM international conference on Object oriented programming systems languages and applications},
 series = {OOPSLA '10},
 year = {2010},
 isbn = {978-1-4503-0203-6},
 location = {Reno/Tahoe, Nevada, USA},
 pages = {74--88},
 numpages = {15},
 url = {http://0-doi.acm.org.mercury.concordia.ca/10.1145/1869459.1869467},
 doi = {10.1145/1869459.1869467},
 acmid = {1869467},
 publisher = {ACM},
 address = {New York, NY, USA},
}

@inproceedings{Sletholt2011ACM,
 author = {Sletholt, Magnus Thorstein and Hannay, Jo and Pfahl, Dietmar and Benestad, Hans Christian and Langtangen, Hans Petter},
 title = {A literature review of agile practices and their effects in scientific software development},
 booktitle = {Proceedings of the 4th International Workshop on Software Engineering for Computational Science and Engineering},
 series = {SECSE '11},
 year = {2011},
 isbn = {978-1-4503-0598-3},
 location = {Waikiki, Honolulu, HI, USA},
 pages = {1--9},
 numpages = {9},
 url = {http://0-doi.acm.org.mercury.concordia.ca/10.1145/1985782.1985784},
 doi = {10.1145/1985782.1985784},
 acmid = {1985784},
 publisher = {ACM},
 address = {New York, NY, USA},
}

@inproceedings{Kettunen2010ACM,
 author = {Kettunen, Vesa and Kasurinen, Jussi and Taipale, Ossi and Smolander, Kari},
 title = {A study on agility and testing processes in software organizations},
 booktitle = {Proceedings of the 19th international symposium on Software testing and analysis},
 series = {ISSTA '10},
 year = {2010},
 isbn = {978-1-60558-823-0},
 location = {Trento, Italy},
 pages = {231--240},
 numpages = {10},
 url = {http://0-doi.acm.org.mercury.concordia.ca/10.1145/1831708.1831737},
 doi = {10.1145/1831708.1831737},
 acmid = {1831737},
 publisher = {ACM},
 address = {New York, NY, USA},
} 

@inproceedings{AliBabar2009ICE,
 author = {Ali Babar, Muhammad and Ihme, Tuomas and Pikkarainen, Minna},
 title = {An industrial case of exploiting product line architectures in agile software development},
 booktitle = {Proceedings of the 13th International Software Product Line Conference},
 series = {SPLC '09},
 year = {2009},
 location = {San Francisco, California},
 pages = {171--179},
 numpages = {9},
 url = {http://0-dl.acm.org.mercury.concordia.ca/citation.cfm?id=1753235.1753259},
 acmid = {1753259},
 publisher = {Carnegie Mellon University},
 address = {Pittsburgh, PA, USA},
} 

@inproceedings{Ktata2009ADI,
 author = {Ktata, Oualid and L{\'e}vesque, Ghislain},
 title = {Agile development: issues and avenues requiring a substantial enhancement of the business perspective in large projects},
 booktitle = {Proceedings of the 2nd Canadian Conference on Computer Science and Software Engineering},
 series = {C3S2E '09},
 year = {2009},
 isbn = {978-1-60558-401-0},
 location = {Montreal, Quebec, Canada},
 pages = {59--66},
 numpages = {8},
 url = {http://0-doi.acm.org.mercury.concordia.ca/10.1145/1557626.1557636},
 doi = {10.1145/1557626.1557636},
 acmid = {1557636},
 publisher = {ACM},
 address = {New York, NY, USA},
} 

@inproceedings{Padayachee2002ISS,
 author = {Padayachee, Keshnee},
 title = {An interpretive study of software risk management perspectives},
 booktitle = {Proceedings of the 2002 annual research conference of the South African institute of computer scientists and information technologists on Enablement through technology},
 series = {SAICSIT '02},
 year = {2002},
 isbn = {1-58113-596-3},
 location = {Port Elizabeth, South Africa},
 pages = {118--127},
 numpages = {10},
 url = {http://0-dl.acm.org.mercury.concordia.ca/citation.cfm?id=581506.581524},
 acmid = {581524},
 publisher = {South African Institute for Computer Scientists and Information Technologists},
 address = {Republic of South Africa},
} 

@INPROCEEDINGS{Odzaly2009ESEM,
author={Odzaly, E.E. and Greer, D. and Sage, P.},
booktitle={Empirical Software Engineering and Measurement, 2009. ESEM 2009. 3rd International Symposium on}, title={Software risk management barriers: An empirical study},
year={2009},
month={oct.},
volume={},
number={},
pages={418 -421},
doi={10.1109/ESEM.2009.5316014},
ISSN={1938-6451},
}

@inproceedings{Freimut2001ICS,
 author = {Freimut, Bernd and Hartkopf, Susanne and Kaiser, Peter and Kontio, Jyrki and Kobitzsch, Werner},
 title = {An industrial case study of implementing software risk management},
 booktitle = {Proceedings of the 8th European software engineering conference held jointly with 9th ACM SIGSOFT international symposium on Foundations of software engineering},
 series = {ESEC/FSE-9},
 year = {2001},
 isbn = {1-58113-390-1},
 location = {Vienna, Austria},
 pages = {277--287},
 numpages = {11},
 url = {http://0-doi.acm.org.mercury.concordia.ca/10.1145/503209.503247},
 doi = {10.1145/503209.503247},
 acmid = {503247},
 publisher = {ACM},
 address = {New York, NY, USA},
 }

@inproceedings{Zafar2010PCO,
 author = {Zafar, Humayun},
 title = {A primer on carrying out a successful yet rigorous security risk management based case study},
 booktitle = {2010 Information Security Curriculum Development Conference},
 series = {InfoSecCD '10},
 year = {2010},
 isbn = {978-1-4503-0202-9},
 location = {Kennesaw, Georgia},
 pages = {48--48},
 numpages = {1},
 url = {http://0-doi.acm.org.mercury.concordia.ca/10.1145/1940941.1940954},
 doi = {10.1145/1940941.1940954},
 acmid = {1940954},
 publisher = {ACM},
 address = {New York, NY, USA},
} 

@incollection{Robles2006Springer,
year={2006},
isbn={978-0-387-34225-2},
booktitle={Open Source Systems},
volume={203},
series={IFIP International Federation for Information Processing},
editor={Damiani, Ernesto and Fitzgerald, Brian and Scacchi, Walt and Scotto, Marco and Succi, Giancarlo},
doi={10.1007/0-387-34226-5_28},
title={Contributor Turnover in Libre Software Projects},
url={http://dx.doi.org/10.1007/0-387-34226-5_28},
publisher={Springer US},
author={Robles, Gregorio and Gonzalez-Barahona, JesusM.},
pages={273-286}
}

@inproceedings{Robles2009IEEE,
author={Izquierdo-Cortazar, D. and Robles, G. and Ortega, F. and Gonzalez-Barahona, J.M.},
booktitle={System Sciences, 2009. HICSS '09. 42nd Hawaii International Conference on},
title={Using Software Archaeology to Measure Knowledge Loss in Software Projects Due to Developer Turnover},
year={Jan.},
pages={1-10},
doi={10.1109/HICSS.2009.498},
ISSN={1530-1605},
}

@article{Laplante2004ACM,
 author = {Laplante, Phillip},
 title = {The Burning Bag of Dung and Other Environmental Antipatterns},
 journal = {Queue},
 issue_date = {October 2004},
 volume = {2},
 number = {7},
 month = oct,
 year = {2004},
 issn = {1542-7730},
 pages = {80--81},
 numpages = {2},
 url = {http://doi.acm.org/10.1145/1035594.1035617},
 doi = {10.1145/1035594.1035617},
 acmid = {1035617},
 publisher = {ACM},
 address = {New York, NY, USA},
} 

@inproceedings{Meland2005ACM,
 author = {Meland, Havard and Waage, Rolf Petter and Sein, Maung K.},
 title = {The other side of turnover: managing IT personnel strategically},
 booktitle = {Proceedings of the 2005 ACM SIGMIS CPR conference on Computer personnel research},
 series = {SIGMIS CPR '05},
 year = {2005},
 isbn = {1-59593-011-6},
 location = {Atlanta, Georgia, USA},
 pages = {67--74},
 numpages = {8},
 url = {http://0-doi.acm.org.mercury.concordia.ca/10.1145/1055973.1056001},
 doi = {10.1145/1055973.1056001},
 acmid = {1056001},
 publisher = {ACM},
 address = {New York, NY, USA},
} 

@inproceedings{Hall2008ACM,
 author = {Hall, Tracy and Beecham, Sarah and Verner, June and Wilson, David},
 title = {The impact of staff turnover on software projects: the importance of understanding what makes software practitioners tick},
 booktitle = {Proceedings of the 2008 ACM SIGMIS CPR conference on Computer personnel doctoral consortium and research},
 series = {SIGMIS CPR '08},
 year = {2008},
 isbn = {978-1-60558-069-2},
 location = {Charlottesville, VA, USA},
 pages = {30--39},
 numpages = {10},
 url = {http://0-doi.acm.org.mercury.concordia.ca/10.1145/1355238.1355245},
 doi = {10.1145/1355238.1355245},
 acmid = {1355245},
 publisher = {ACM},
 address = {New York, NY, USA},
} 

@article{Ang2004ACM,
 author = {Ang, Soon and Slaughter, Sandra},
 title = {Turnover of information technology professionals: the effects of internal labor market strategies},
 journal = {SIGMIS Database},
 issue_date = {Summer 2004},
 volume = {35},
 number = {3},
 month = aug,
 year = {2004},
 issn = {0095-0033},
 pages = {11--27},
 numpages = {17},
 url = {http://0-doi.acm.org.mercury.concordia.ca/10.1145/1017114.1017118},
 doi = {10.1145/1017114.1017118},
 acmid = {1017118},
 publisher = {ACM},
 address = {New York, NY, USA},
}

@article{Bird2011FSE,
 author = {Bird, Christian and Nagappan, Nachiappan and Murphy, Brendan and Gall, Harald and Devanbu, Premkumar},
 title = {Don't touch my code!: examining the effects of ownership on software quality},
 booktitle = {Proceedings of the 19th ACM SIGSOFT symposium and the 13th European conference on Foundations of software engineering},
 series = {ESEC/FSE '11},
 year = {2011},
 isbn = {978-1-4503-0443-6},
 location = {Szeged, Hungary},
 pages = {4--14},
 numpages = {11},
 url = {http://0-doi.acm.org.mercury.concordia.ca/10.1145/2025113.2025119},
 doi = {10.1145/2025113.2025119},
 acmid = {2025119},
 publisher = {ACM},
 address = {New York, NY, USA},
} 

@article{Mockus2009IEE,
 author = {Mockus, Audris},
 title = {Succession: Measuring transfer of code and developer productivity},
 booktitle = {Proceedings of the 31st International Conference on Software Engineering},
 series = {ICSE '09},
 year = {2009},
 isbn = {978-1-4244-3453-4},
 pages = {67--77},
 numpages = {11},
 url = {http://0-dx.doi.org.mercury.concordia.ca/10.1109/ICSE.2009.5070509},
 doi = {10.1109/ICSE.2009.5070509},
 acmid = {1555023},
 publisher = {IEEE Computer Society},
 address = {Washington, DC, USA},
} 

@article{DeMarco1998IEEE, 
author={DeMarco, Tom and Lister, T.}, 
journal={Software, IEEE}, 
title={Human capital}, 
year={1998}, 
volume={15}, 
number={6}, 
pages={103-105}, 
doi={10.1109/52.730859}, 
ISSN={0740-7459},}

@inproceedings{Noordin2011ICRIIS, 
author={Noordin, M.F. and Othman, R. and Zakaria, N.A.}, 
booktitle={Research and Innovation in Information Systems (ICRIIS), 2011 International Conference on}, 
title={Peopleware amp; heartware - The philosophy of knowledge management}, 
year={2011}, 
pages={1-6}, 
doi={10.1109/ICRIIS.2011.6125675},}

@inproceedings{Verner2008RCIS, 
author={Verner, J. and Sampson, J. and Cerpa, N.}, 
booktitle={Research Challenges in Information Science, 2008. RCIS 2008. Second International Conference on}, 
title={What factors lead to software project failure?}, 
year={2008}, 
pages={71-80}, 
doi={10.1109/RCIS.2008.4632095},}

@article{Garden1988SIGCPR, 
author = {Garden, A.-M.}, 
title = {Behavioural and organisational factors involved in the turnover of high tech professionals}, 
journal = {SIGCPR Comput. Pers.}, 
issue_date = {Sept. 1988}, 
volume = {11}, 
number = {4}, 
month = sep, 
year = {1988}, 
issn = {0160-2497}, 
pages = {6--9}, 
numpages = {4}, 
url = {http://0-doi.acm.org.mercury.concordia.ca/10.1145/54127.54129}, 
doi = {10.1145/54127.54129},
acmid = {54129}, 
publisher = {ACM}, 
address = {New York, NY, USA},
}

@article{Latimer2002EDUCASE, 
author = {Latimer, D.}, 
title = {The Cost of IT Staff Turnover: A Quantitative Approach}, 
journal = {EDUCAUSE Center for Applied Research}, 
issue_date = {19th February 2002}, 
volume = {2002}, 
number = {4}, 
month = feb, 
year = {2002}, 
}

@inproceedings{Lee2002SIGCPR,
author = {Lee, Patrick Chang Boon},
title = {The social context of turnover among information technology professionals}, 
booktitle = {Proceedings of the 2002 ACM SIGCPR conference on Computer personnel research},
series = {SIGCPR '02}, 
year = {2002},
isbn = {1-58113-466-5}, 
location = {Kristiansand, Norway}, 
pages = {145--153}, 
numpages = {9}, 
url = {http://doi.acm.org/10.1145/512360.512393}, 
doi = {10.1145/512360.512393}, 
acmid = {512393}
}

@article{Linberg1999JSS,
title = {Software developer perceptions about software project failure: a case study} ,
journal = {Journal of Systems and Software} ,
volume = {49},
number = {2–3},
pages = {177 - 192},
year = {1999},
note = {} ,
issn = {0164-1212},
doi = {10.1016/S0164-1212(99)00094-1},
url = {http://www.sciencedirect.com/science/article/pii/S0164121299000941},
author = {Kurt R Linberg},
}

@inproceedings{Mak2001IM,
title = {A confirmatory factor analysis of employee motivation and retention},
journal = {Information & Management} ,
volume = {38},
number = {5},
pages = {265 - 276},
year = {2001},
note = {} ,
issn = {0378-7206},
doi = {10.1016/S0378-7206(00)00055-0},
url = {http://www.sciencedirect.com/science/article/pii/S0378720600000550},
author = {Brenda L. Mak and Hy Sockel},
}

@inproceedings{Niederman2001SIGCPR, 
author = {Niederman, Fred and Sumner, Mary R.}, 
title = {Job turnover among MIS professionals: an exploratory study of employee turnover},
booktitle = {Proceedings of the 2001 ACM SIGCPR conference on Computer personnel research},
series = {SIGCPR '01}, 
year = {2001},
isbn = {1-58113-363-4}, 
location = {San Diego, California, USA}, 
pages = {11--20},
numpages = {10}, 
url = {http://0-doi.acm.org.mercury.concordia.ca/10.1145/371209.371210}, 
doi = {10.1145/371209.371210},
acmid = {371210}, 
publisher = {ACM}, 
address = {New York, NY, USA}, 
}

@inproceedings{Duncan1988ICSE,
author={Duncan, A.S.},
booktitle={Software Engineering, 1988., Proceedings of the 10th International Conference on},
title={Software development productivity tools and metrics},
year={1988},
pages={41-48},
doi={10.1109/ICSE.1988.93686},
}

@article{Silcock1954JRSS,
jstor_articletype={research-article},
title={The Phenomenon of Labour Turnover},
author={Silcock,H.},
journal={Journal of the Royal Statistical Society. SeriesA(General)},
jstor_issuetitle={},
volume={117},
number={4},
jstor_formatteddate={1954},
pages={pp.429-440},
url={http://www.jstor.org/stable/2342680},
ISSN={00359238},
abstract={},
language={English},
year={1954},
publisher={Wiley for the Royal Statistical Society},
copyright={Copyright© 1954 Royal Statistical Society},
}

@inproceedings{Rong2008ICCSIT,
author={Jiang Rong and Liao Hongzhi and Yu Jiankun and Feng Tao and Zhao Chenggui and Li Junlin},
booktitle={Computer Science and Information Technology, 2009. ICCSIT 2009. 2nd IEEE International Conference on},
title={A model based on information entropy to measure developer turnover risk on software project},
year={2009},
pages={419-422},
doi={10.1109/ICCSIT.2009.5234813},
}

@inproceedings{Real1999MZ,
author={Real, R},
title={Tables of significant values of Jaccard's index of similarity},
journal={Miscellània Zoològica},
year={1999},
volume={22.1},
pages={29-40},
}

@inproceedings{IzquierdoCortazar2009HICSS,
author={Izquierdo-Cortazar, D. and Robles, G. and Ortega, F. and Gonzalez-Barahona, J.M.},
booktitle={System Sciences, 2009. HICSS '09. 42nd Hawaii International Conference on},
title={Using Software Archaeology to Measure Knowledge Loss in Software Projects Due to Developer Turnover},
year={2009},
pages={1-10},
doi={10.1109/HICSS.2009.498},
ISSN={1530-1605},
}

@inproceedings{Cataldo2006CSCW,
author={Cataldo,Marcelo an dWagstrom, Patrick A. and Herbsleb, James D. and Carley, Kathleen M.},
title={Identification of coordination requirements: implications for the Design of collaboration and awareness tools},
booktitle={Proceedings of the 2006 20th anniversary conference on Computer supported cooperative work},
series={CSCW'06},
year={2006},
isbn={1-59593-249-6},
location={Banff,Alberta,Canada},
pages={353--362},
numpages={10},
url={http://doi.acm.org/10.1145/1180875.1180929},
doi={10.1145/1180875.1180929},
acmid={1180929},
publisher={ACM},
address={NewYork,NY,USA},
}

@ARTICLE{Cataldo2013IEEE,
author={Cataldo, Marcelo and Herbsleb, James D.},
journal={Software Engineering, IEEE Transactions on},
title={Coordination Breakdowns and Their Impact on Development Productivity and Software Failures},
year={2013},
volume={39},
number={3},
pages={343-360},
doi={10.1109/TSE.2012.32},
ISSN={0098-5589},
}

@inproceedings{Mockus2010FSE,
 author = {Mockus, Audris},
 title = {Organizational volatility and its effects on software defects},
 booktitle = {Proceedings of the eighteenth ACM SIGSOFT international symposium on Foundations of software engineering},
 series = {FSE '10},
 year = {2010},
 isbn = {978-1-60558-791-2},
 location = {Santa Fe, New Mexico, USA},
 pages = {117--126},
 numpages = {10},
 url = {http://0-doi.acm.org.mercury.concordia.ca/10.1145/1882291.1882311},
 doi = {10.1145/1882291.1882311},
 acmid = {1882311},
 publisher = {ACM},
 address = {New York, NY, USA},
} 

@INPROCEEDINGS{Mockus2009ICSE,
author={Mockus, A.},
booktitle={Software Engineering, 2009. ICSE 2009. IEEE 31st International Conference on},
title={Succession: Measuring transfer of code and developer productivity},
year={2009},
pages={67-77},
doi={10.1109/ICSE.2009.5070509},
ISSN={0270-5257},
}

@INPROCEEDINGS{Alhazmi2005RMS,
author={Alhazmi, O.H. and Malaiya, Y.K.},
booktitle={Reliability and Maintainability Symposium, 2005. Proceedings. Annual},
title={Quantitative vulnerability assessment of systems software},
year={2005},
pages={615-620},
doi={10.1109/RAMS.2005.1408432},
ISSN={0149-144X},
}

@article{Alhazmi2006COMPUTERSANDSECURITY,
author = {Alhazmi, O. and Malaiya, Y. and Ray, I.},
doi = {10.1016/j.cose.2006.10.002},
issn = {01674048},
journal = {Computers \& Security},
month = may,
number = {3},
pages = {219--228},
posted-at = {2010-12-25 15:45:22},
priority = {2},
title = {{Measuring, analyzing and predicting security vulnerabilities in software systems}},
url = {http://dx.doi.org/10.1016/j.cose.2006.10.002},
volume = {26},
year = {2007}
}

@article{Souza2012JBCS,
year={2012},
issn={0104-6500},
journal={Journal of the Brazilian Computer Society},
volume={18},
number={3},
doi={10.1007/s13173-012-0067-5},
title={Analyzing the scalability of coordination requirements of a distributed software project},
url={http://dx.doi.org/10.1007/s13173-012-0067-5},
publisher={Springer-Verlag},
author={Souza, CleidsonR.B. and Costa, JeanM.R. and Cataldo, Marcelo},
pages={201-211},
language={English}
}

@inproceedings{Costa2011CHI,
 author = {Costa, Jean M. and Cataldo, Marcelo and de Souza, Cleidson R.},
 title = {The scale and evolution of coordination needs in large-scale distributed projects: implications for the future generation of collaborative tools},
 booktitle = {Proceedings of the SIGCHI Conference on Human Factors in Computing Systems},
 series = {CHI '11},
 year = {2011},
 isbn = {978-1-4503-0228-9},
 location = {Vancouver, BC, Canada},
 pages = {3151--3160},
 numpages = {10},
 url = {http://doi.acm.org/10.1145/1978942.1979409},
 doi = {10.1145/1978942.1979409},
 acmid = {1979409},
 publisher = {ACM},
 address = {New York, NY, USA},
} 

@inproceedings{Robles2009HICSS,
author={Izquierdo-Cortazar, D. and Robles, G. and Ortega, F. and Gonzalez-Barahona, J.M.},
booktitle={System Sciences, 2009. HICSS '09. 42nd Hawaii International Conference on},
title={Using Software Archaeology to Measure Knowledge Loss in Software Projects Due to Developer Turnover},
year={2009},
pages={1-10},
doi={10.1109/HICSS.2009.498},
ISSN={1530-1605},
}


@inproceedings{Otte2008IEEE,
author={Otte, T. and Moreton, R. and Knoell, H.D.},
booktitle={Computer Software and Applications, 2008. COMPSAC '08. 32nd Annual IEEE International},
title={Applied Quality Assurance Methods under the Open Source Development Model},
year={2008},
pages={1247-1252},
keywords={public domain software;quality assurance;software development management;software quality;open source software development;quality assurance;Application software;Computer applications;Information technology;Linux;Open source software;Opportunistic software systems development;Programming;Quality assurance;Software quality;Web server;OSS survey;Open Source Development Model;Quality Assurance},
doi={10.1109/COMPSAC.2008.65},
ISSN={0730-3157},}


@inproceedings{Torchiano2011Wetsom,
 author = {Torchiano, Marco and Ricca, Filippo and Marchetto, Alessandro},
 title = {Is my project's truck factor low?: theoretical and empirical considerations about the truck factor threshold},
 booktitle = {Proceedings of the 2nd International Workshop on Emerging Trends in Software Metrics},
 series = {WETSoM '11},
 year = {2011},
 isbn = {978-1-4503-0593-8},
 location = {Waikiki, Honolulu, HI, USA},
 pages = {12--18},
 numpages = {7},
 url = {http://doi.acm.org/10.1145/1985374.1985379},
 doi = {10.1145/1985374.1985379},
 acmid = {1985379},
 publisher = {ACM},
 address = {New York, NY, USA},
} 

@online{PPAPI2013Chromium,
  title = {Google Chromium OSS website, pepper plugin API},
  year = 2013,
  howpublished = "\url{http://code.google.com/p/ppapi/}",
  note = {Accessed: 2013-10-24},
}

﻿@article {Jaccard1912NP,
author = {Jaccard, Paul},
title = {THE DISTRIBUTION OF THE FLORA IN THE ALPINE ZONE.1},
journal = {New Phytologist},
volume = {11},
number = {2},
publisher = {Blackwell Publishing Ltd},
issn = {1469-8137},
pages = {37--50},
year = {1912},
}

@book{Riordan2002Dover,
 author = {Riordan, John},
 title = {Introduction to combinatorial analysis},
 year = {2002},
 isbn = {0486425363},
 edition = {Impr.2002},
 publisher = {Dover Publications},
 address = {Mineola, N.Y. , USA},
} 

@inproceedings{Ardichvili2003JKM, 
author = {Alexander Ardichvili, Vaughn Page, Tim Wentling},
booktitle={Motivation and barriers to participation in virtual knowledge-sharing communities of practice},
series = {Journal of Knowledge Management},
year = {2003},
volume = {7}, 
number = {1},
pages = {64--77},
}

@article{McDermott1999CMR,
  title={Why information technology inspired but cannot deliver knowledge management},
  author={McDermott, Richard},
  journal={Knowledge and communities},
  volume={41},
  number={4},
  pages={21--35},
  year={2000},
  publisher={Butterworth-Heinemann}
}

@inproceedings{Mockus2013FSE,
 author = {Mockus, Audris and Hackbarth, Randy and Palframan, John},
 title = {Risky files: an approach to focus quality improvement effort},
 booktitle = {Proceedings of the 2013 9th Joint Meeting on Foundations of Software Engineering},
 series = {ESEC/FSE 2013},
 year = {2013},
 isbn = {978-1-4503-2237-9},
 location = {Saint Petersburg, Russia},
 pages = {691--694},
 numpages = {4},
 url = {http://doi.acm.org/http://dx.doi.org/10.1145/2491411.2494572},
 doi = {http://dx.doi.org/10.1145/2491411.2494572},
 acmid = {2494572},
 publisher = {ACM},
 address = {New York, NY, USA},
} 


@INPROCEEDINGS{Ricca2010WCRE,
author={Ricca, F. and Marchetto, A.},
booktitle={Reverse Engineering (WCRE), 2010 17th Working Conference on},
title={Heroes in FLOSS Projects: An Explorative Study},
year={2010},
pages={155-159},
doi={10.1109/WCRE.2010.25},
ISSN={1095-1350},
}

@inproceedings{Ricca2011PROFES,
 author = {Ricca, Filippo and Marchetto, Alessandro and Torchiano, Marco},
 title = {On the Difficulty of Computing the Truck Factor},
 booktitle = {Proceedings of the 12th International Conference on Product-focused Software Process Improvement},
 series = {PROFES'11},
 year = {2011},
 isbn = {978-3-642-21842-2},
 location = {Torre Canne, Italy},
 pages = {337--351},
 numpages = {15},
 url = {http://dl.acm.org/citation.cfm?id=2022348.2022383},
 acmid = {2022383},
 publisher = {Springer-Verlag},
 address = {Berlin, Heidelberg},
} 

@inproceedings{Zazworka2010ESEM,
 author = {Zazworka, Nico and Stapel, Kai and Knauss, Eric and Shull, Forrest and Basili, Victor R. and Schneider, Kurt},
 title = {Are Developers Complying with the Process: An XP Study},
 booktitle = {Proceedings of the 2010 ACM-IEEE International Symposium on Empirical Software Engineering and Measurement},
 series = {ESEM '10},
 year = {2010},
 isbn = {978-1-4503-0039-1},
 location = {Bolzano-Bozen, Italy},
 pages = {14:1--14:10},
 articleno = {14},
 numpages = {10},
 url = {http://doi.acm.org/10.1145/1852786.1852805},
 doi = {10.1145/1852786.1852805},
 acmid = {1852805},
 publisher = {ACM},
 address = {New York, NY, USA},
} 


@book{Brooks1975mythical,
  title={The mythical man-month},
  author={Brooks, Frederick P},
  volume={1995},
  year={1975},
  publisher={Addison-Wesley Reading}
}

@ARTICLE{Huffman2003IEEE,
author={Huffman Hayes, J.},
journal={Software, IEEE},
title={Do you like Pina Coladas? How improved communication can improve software quality},
year={2003},
volume={20},
number={1},
pages={90-92},
doi={10.1109/MS.2003.1159036},
ISSN={0740-7459}}


@book{Ebbinghaus1913Memory,
  title={Memory: A contribution to experimental psychology},
  author={Ebbinghaus, Hermann},
  number={3},
  year={1913},
  publisher={Teachers college, Columbia university}
}


@INPROCEEDINGS{Giger2012ESEM,
author={Giger, E. and D'Ambros, M. and Pinzger, M. and Gall, H.C.},
booktitle={Empirical Software Engineering and Measurement (ESEM), 2012 ACM-IEEE International Symposium on},
title={Method-level bug prediction},
year={2012},
month={Sept},
pages={171-180},
doi={10.1145/2372251.2372285},
ISSN={1938-6451},}

@INPROCEEDINGS{Ambros2010MSR,
author={D'Ambros, M. and Lanza, M. and Robbes, R.},
booktitle={Mining Software Repositories (MSR), 2010 7th IEEE Working Conference on},
title={An extensive comparison of bug prediction approaches},
year={2010},
month={May},
pages={31-41},
doi={10.1109/MSR.2010.5463279},}

@INPROCEEDINGS{Wenjin2010SEDM,
author={Wenjin Wu and Wen Zhang and Ye Yang and Qing Wang},
booktitle={Software Engineering and Data Mining (SEDM), 2010 2nd International Conference on},
title={Time series analysis for bug number prediction},
year={2010},
month={June},
pages={589-596},
}

@INPROCEEDINGS{Taba2013ICSM,
author={Taba, S.E.S. and Khomh, F. and Ying Zou and Hassan, A.E. and Nagappan, M.},
booktitle={Software Maintenance (ICSM), 2013 29th IEEE International Conference on},
title={Predicting Bugs Using Antipatterns},
year={2013},
month={Sept},
pages={270-279},
ISSN={1063-6773},}

@inproceedings{Hata2012ICSE,
 author = {Hata, Hideaki and Mizuno, Osamu and Kikuno, Tohru},
 title = {Bug Prediction Based on Fine-grained Module Histories},
 booktitle = {Proceedings of the 34th International Conference on Software Engineering},
 series = {ICSE '12},
 year = {2012},
 isbn = {978-1-4673-1067-3},
 location = {Zurich, Switzerland},
 pages = {200--210},
 numpages = {11},
 acmid = {2337247},
 publisher = {IEEE Press},
 address = {Piscataway, NJ, USA},
} 

@inproceedings{Giger2011IWPSE,
 author = {Giger, Emanuel and Pinzger, Martin and Gall, Harald},
 title = {Using the Gini Coefficient for Bug Prediction in Eclipse},
 booktitle = {Proceedings of the 12th International Workshop on Principles of Software Evolution and the 7th Annual ERCIM Workshop on Software Evolution},
 series = {IWPSE-EVOL '11},
 year = {2011},
 isbn = {978-1-4503-0848-9},
 location = {Szeged, Hungary},
 pages = {51--55},
 numpages = {5},
 doi = {10.1145/2024445.2024455},
 acmid = {2024455},
 publisher = {ACM},
 address = {New York, NY, USA},
 keywords = {bug prediction, code ownership, gini coefficient},
} 

@inproceedings{Giger2011MSR,
 author = {Giger, Emanuel and Pinzger, Martin and Gall, Harald C.},
 title = {Comparing Fine-grained Source Code Changes and Code Churn for Bug Prediction},
 booktitle = {Proceedings of the 8th Working Conference on Mining Software Repositories},
 series = {MSR '11},
 year = {2011},
 isbn = {978-1-4503-0574-7},
 location = {Waikiki, Honolulu, HI, USA},
 pages = {83--92},
 numpages = {10},
 doi = {10.1145/1985441.1985456},
 acmid = {1985456},
 publisher = {ACM},
 address = {New York, NY, USA},
} 

@inproceedings{Joshi2007MSR,
 author = {Joshi, Hemant and Zhang, Chuanlei and Ramaswamy, S. and Bayrak, Coskun},
 title = {Local and Global Recency Weighting Approach to Bug Prediction},
 booktitle = {Proceedings of the Fourth International Workshop on Mining Software Repositories},
 series = {MSR '07},
 year = {2007},
 isbn = {0-7695-2950-X},
 pages = {33--},
 doi = {10.1109/MSR.2007.17},
 acmid = {1269047},
 publisher = {IEEE Computer Society},
 address = {Washington, DC, USA},
} 

@inproceedings{Nguyen2011TDP,
 author = {Nguyen, Tung Thanh and Nguyen, Tien N. and Phuong, Tu Minh},
 title = {Topic-based Defect Prediction (NIER Track)},
 booktitle = {Proceedings of the 33rd International Conference on Software Engineering},
 series = {ICSE '11},
 year = {2011},
 isbn = {978-1-4503-0445-0},
 location = {Waikiki, Honolulu, HI, USA},
 pages = {932--935},
 numpages = {4},
 doi = {10.1145/1985793.1985950},
 acmid = {1985950},
 publisher = {ACM},
 address = {New York, NY, USA},
} 

@ARTICLE{Cataldo2009IEEE,
author={Cataldo, M. and Mockus, A. and Roberts, J.A. and Herbsleb, J.D.},
journal={Software Engineering, IEEE Transactions on},
title={Software Dependencies, Work Dependencies, and Their Impact on Failures},
year={2009},
month={Nov},
volume={35},
number={6},
pages={864-878},
doi={10.1109/TSE.2009.42},
ISSN={0098-5589},}

@article{Loftus1985JEP,
  title={Evaluating forgetting curves.},
  author={Loftus, Geoffrey R},
  journal={Journal of Experimental Psychology: Learning, Memory, and Cognition},
  volume={11},
  number={2},
  pages={397},
  year={1985},
  publisher={American Psychological Association}
}


@book{Schacter2009Psychology,
  title={Introducing psychology},
  author={Schacter, Daniel L and Gilbert, Daniel T and Wegner, Daniel M},
  year={2009},
  publisher={Macmillan}
}


@article{Barrouillet2007JEP,
  title={Time and cognitive load in working memory.},
  author={Barrouillet, Pierre and Bernardin, Sophie and Portrat, Sophie and Vergauwe, Evie and Camos, Val{\'e}rie},
  journal={Journal of Experimental Psychology: Learning, Memory, and Cognition},
  volume={33},
  number={3},
  pages={570},
  year={2007},
  publisher={American Psychological Association}
}

@book{Ebbinghaus1913TeachersCollege,
  title={Memory: A contribution to experimental psychology},
  author={Ebbinghaus, Hermann},
  number={3},
  year={1913},
  publisher={Teachers college, Columbia university}
}

@article{Barrouillet2004JEP,
  title={Time constraints and resource sharing in adults' working memory spans.},
  author={Barrouillet, Pierre and Bernardin, Sophie and Camos, Val{\'e}rie},
  journal={Journal of Experimental Psychology: General},
  volume={133},
  number={1},
  pages={83},
  year={2004},
  publisher={American Psychological Association}
}

@article{Otte2008COMPSAC,
author={Otte, T. and Moreton, R. and Knoell, H.D.},
booktitle={Computer Software and Applications, 2008. COMPSAC '08. 32nd Annual IEEE International},
title={Applied Quality Assurance Methods under the Open Source Development Model},
year={2008},
month={July},
pages={1247-1252}
}

@article{Hindle2008MSR,
title={What do large commits tell us?: a taxonomical study of large commits},
author={Hindle, Abram and German, Daniel M and Holt, Ric},
booktitle={Proceedings of the 2008 international working conference on Mining software repositories},
pages={99--108},
year={2008},
organization={ACM}
}

@article{Briand1995ICSE,
 author = {Briand, Lionel and Melo, Walc{\'e}lio and Seaman, Carolyn and Basili, Victor},
 title = {Characterizing and Assessing a Large-scale Software Maintenance Organization},
 booktitle = {Proceedings of the 17th International Conference on Software Engineering},
 series = {ICSE '95},
 year = {1995},
 isbn = {0-89791-708-1},
 location = {Seattle, Washington, USA},
 pages = {133--143},
 numpages = {11},
 acmid = {225027},
 publisher = {ACM},
 address = {New York, NY, USA},
} 


@article{Guthrie2001AMJ,
  title={High-involvement work practices, turnover, and productivity: Evidence from New Zealand},
  author={Guthrie, James P},
  journal={Academy of management Journal},
  volume={44},
  number={1},
  pages={180--190},
  year={2001},
  publisher={Academy of Management}
}

@article{Canfora2012FSE,
  title={Who is going to mentor newcomers in open source projects?},
  author={Canfora, Gerardo and Di Penta, Massimiliano and Oliveto, Rocco and Panichella, Sebastiano},
  booktitle={Proceedings of the ACM SIGSOFT 20th International Symposium on the Foundations of Software Engineering},
  pages={44},
  year={2012},
  organization={ACM}
}

